3242 4159
386 523 434 570 lei
628 521 659 570 P.
678 519 831 567 VERGILI
848 518 1016 567 MARervls

387 601 520 655 Constitit
538 604 622 668 atque
640 600 725 653 oculis
744 599 864 667 Phrygia
881 599 991 667 agmina
1009 600 1222 671 circumspexit:

386 677 459 746 Heu,
473 694 542 745 quae
555 693 626 730 nunc
638 677 728 744 tellus,
740 676 838 745 inquit,
852 693 923 745 quae
934 693 979 730 me
989 694 1111 746 aequora
1120 684 1237 747 possunt

387 755 540 825 Acciperet
561 758 608 805 aut
621 753 689 821 quid
701 753 755 805 iam
767 752 869 807 misero
881 753 948 806 mihi
961 754 1083 823 denique
1094 759 1196 823 restat,
1225 773 1249 813 ve

387 831 438 884 Cui
455 846 546 897 neque
565 829 639 897 apud
657 829 767 882 Danaos
785 846 901 897 usquam
921 829 1005 897 locus,
1019 833 1048 883 et
1067 848 1152 899 super
1170 834 1223 903 ipsi

386 906 562 959 Dardanidae
579 905 676 958 infensi
694 921 796 974 peenas
814 923 876 959 cum
896 906 1032 973 sanguine
1050 912 1189 976 poscuntl

387 982 446 1047 Quo
464 983 569 1050 gemitu
586 982 709 1035 conversi
727 981 818 1050 animi,
836 998 1013 1051 compressus
1032 987 1061 1037 et
1079 985 1170 1039 omnis

387 1058 517 1126 Impetus.
556 1058 708 1111 Hortamur
725 1058 777 1110 fari
786 1078 793 1123 ;
815 1076 869 1127 quo
888 1059 1024 1126 sanguine
1041 1063 1142 1128 cretus,

386 1134 494 1198 Quidve
511 1136 591 1202 fciat,
611 1137 752 1200 memoret,
772 1151 843 1203 quae
862 1135 898 1187 sit
916 1135 1017 1187 fiducia
1033 1139 1121 1203 eapte.
1156 1159 1158 1162 ·
1226 1154 1251 1193 75

386 1208 450 1279 [llle
468 1211 542 1277 haec,
562 1210 687 1278 deposita
705 1210 818 1264 tandem
836 1211 991 1278 formidine,
1008 1210 1109 1280 fatum]

346 1299 366 1355 y
422 1286 526 1340 Crmcta
535 1287 663 1355 equidem
673 1286 732 1352 tibi,
744 1286 815 1355 Rex,
828 1288 914 1341 fuerit
924 1287 1123 1357 quodcumque,
1136 1291 1249 1344 fatebor

386 1362 470 1430 Vera,
486 1364 592 1432 iuquit3
611 1380 701 1431 neque
719 1379 763 1415 me
783 1363 914 1431 Argolica
933 1364 969 1417 de
986 1368 1070 1432 gente
1086 1365 1222 1433 negab03y

386 1438 449 1492 Hoc
466 1440 599 1507 primun1;
620 1455 677 1507 nce,
697 1440 719 1492 si
737 1439 868 1491 misorum
887 1441 1009 1494 Fortuna
1027 1441 1156 1494 Sinonem

387 1514 489 1581 Finxit,
508 1531 607 1568 vanum
626 1515 708 1568 etiam
728 1514 945 1584 mendacemque
963 1515 1079 1585 inproba
1096 1517 1191 1585 finget.
1223 1535 1249 1570 so

387 1589 482 1643 Fando
500 1589 611 1658 aliquod
630 1591 652 1643 si
669 1591 741 1644 forte
759 1594 823 1644 tuas
841 1593 970 1660 pervenit
988 1593 1025 1645 ad
1042 1593 1115 1646 auris

387 1666 501 1720 Belidae
519 1684 618 1720 nomen
638 1666 793 1720 Palamedis
813 1671 842 1722 et
860 1668 965 1721 incluta
982 1670 1055 1721 faura

387 1742 487 1811 Gloria,
505 1760 585 1811 quem
603 1743 672 1796 falsa
690 1742 740 1796 sub
758 1743 917 1812 proditione
937 1745 1044 1812 Pelasgi

387 1817 528 1873 Insontem
546 1820 658 1873 infando
676 1819 784 1887 indicio,
803 1820 869 1889 quia
887 1819 959 1873 bella
976 1821 1095 1891 vetabat,

387 1894 528 1949 Demisere
545 1898 611 1964 neci,
629 1913 700 1950 nunc
718 1913 824 1949 cassum
843 1895 944 1951 lumine
962 1895 1072 1964 lugent:
1223 1919 1250 1957 85

386 1970 432 2023 Illi
450 1988 494 2024 me
512 1972 639 2024 comitem
659 1976 687 2024 ct
705 1972 944 2040 consanguinitate
962 1974 1146 2042 propinquum

387 2045 497 2115 Pauper
514 2047 541 2099 in
559 2064 635 2100 arma
652 2052 732 2115 pater
750 2050 847 2117 primis
865 2049 919 2101 huc
935 2050 1011 2102 misit
1028 2049 1063 2102 ab
1076 2051 1166 2107 annis.

385 2120 460 2175 Dum
478 2122 570 2175 stabat
588 2140 672 2189 regno
690 2124 833 2177 incolumis
851 2142 1003 2193 regumque
1020 2126 1132 2192 vigebat

386 2198 518 2266 Consiliis,
537 2200 567 2251 ct
584 2215 632 2251 nos
651 2199 761 2267 aliquod
781 2218 937 2269 nomenque
956 2201 1094 2269 decusque

385 2274 532 2327 Gessimus.
571 2274 680 2327 Invidia
696 2278 843 2344 postquam
860 2277 972 2345 pellacis
989 2277 1099 2330 Ulixi—
1221 2293 1247 2331 oo

386 2348 471 2403 Haud
488 2351 582 2419 ignota
599 2351 838 2421 loquor-superis
856 2354 990 2407 concessit
1006 2353 1041 2406 ab
1059 2353 1115 2407 oris

386 2428 524 2481 Adflictus
541 2430 625 2482 vitam
643 2429 671 2481 in
689 2429 812 2482 tenebris
830 2430 961 2497 luctuque
978 2429 1130 2497 trahebam,

385 2501 423 2557 Et
440 2521 532 2558 casum
551 2505 666 2558 insontis
685 2522 791 2559 meeum
809 2505 972 2572 indignabar
989 2506 1075 2559 amici.

386 2578 412 2630 N
415 2596 446 2632 cc
464 2581 536 2632 tacui
555 2581 675 2647 demens,
695 2584 724 2634 et
741 2597 793 2648 me,
812 2581 869 2634 fors
887 2581 910 2633 si
928 2597 983 2648 qua
998 2581 1117 2650 tulisset,

386 2654 416 2707 si
433 2656 535 2721 patrios
553 2673 684 2723 umquam
703 2673 867 2710 remeassem
888 2657 975 2709 victer
991 2657 1028 2709 ad
1047 2658 1147 2726 Argos,
1218 2677 1244 2714 es

386 2730 501 2783 Promisi
520 2731 645 2798 ultorem,
664 2736 693 2785 et
711 2732 802 2785 verbis
823 2732 885 2785 odia
903 2748 1001 2800 aspera
1017 2733 1097 2786 movi.

386 2803 460 2859 Hinc
477 2806 545 2858 milri
562 2807 650 2873 prima
668 2807 732 2859 mali
750 2806 835 2875 labes,
854 2807 917 2861 hino
934 2825 1042 2877 semper
1060 2808 1157 2874 Ulixes

386 2882 550 2936 Criminibus
567 2886 672 2936 terrere
690 2883 774 2950 novis,
792 2883 858 2937 hinc
874 2900 1003 2952 spargere
1021 2901 1101 2938 voces

386 2958 420 3012 In
438 2960 547 3027 volgum
565 2959 712 3027 ambiguas,
731 2962 761 3012 et
779 2975 913 3028 quaerere
931 2961 1053 3014 conscius
1070 2978 1155 3015 arma

385 3035 411 3089 N
414 3053 444 3090 ec
461 3036 597 3104 requievit
615 3037 694 3103 enim,
715 3036 801 3089 donec
820 3036 970 3090 Calchante
988 3037 1149 3090 ministro—
1208 3056 1243 3092 roo
1280 3076 1286 3091 .

385 3113 441 3167 Sed
454 3113 521 3181 quid
534 3130 584 3181 ego
597 3113 664 3166 haec
677 3116 769 3166 autem
782 3115 948 3182 nequiquam
960 3115 1068 3181 ingrata
1079 3116 1207 3171 revolvet

387 3188 492 3252 Quidve
509 3206 607 3258 moror,
626 3189 648 3243 si
667 3191 754 3243 omnis
772 3207 826 3243 uno
845 3191 942 3244 ordine
960 3190 1067 3245 habetis
1085 3192 1213 3258 Achivos

386 3263 477 3333 quue
495 3266 591 3319 audire
609 3269 652 3319 sat
670 3269 747 3320 esti·
767 3266 934 3320 Iamdudum
954 3269 1053 3322 sumite
1070 3285 1187 3337 poenas;

386 3339 448 3392 Hoc
467 3340 578 3394 Ithacus
596 3343 669 3410 velit,
688 3345 718 3395 et
735 3359 834 3410 magno
852 3347 1011 3397 mercentur
1030 3345 1154 3399 Atridae.

417 3414 484 3467 Tum
504 3432 567 3469 vero
585 3417 716 3472 ardemus
736 3418 831 3473 scitari
848 3421 878 3473 et
896 3435 1033 3487 quaerore
1050 3436 1170 3484 caussas,
1206 3435 1245 3472 ies

361 3486 464 3552 Ignari
479 3493 619 3550 scelerum
642 3500 790 3552 tantorum
810 3497 940 3566 artisque
956 3494 1109 3561 Pelasgae.

346 3556 544 3633 stoseqmtur
560 3574 709 3645 pavitans,
730 3578 763 3631 ct
780 3574 855 3630 ficto
871 3574 996 3644 pectore
1013 3568 1114 3622 taturi
