3242 4159
642 515 825 563 AENEIDOS
841 514 911 564 LIB.
931 516 969 563 11.
1074 477 1077 483 ¹
1185 516 1232 564 115

370 599 484 655 Limina
500 598 637 652 tectorum
655 598 684 649 et
701 595 823 648 medium
841 594 870 647 in
886 594 1075 664 penetralibus
1092 596 1208 662 hostem,

373 679 466 730 Arma
483 673 531 726 diu
548 671 640 725 senior
658 671 773 725 desueta
789 671 973 725 trementibus
990 688 1057 725 aevo

372 748 537 807 circumdat
553 747 719 815 nequiquam
737 746 867 813 humeris,
885 750 914 801 et
932 747 1029 800 inutile
1046 748 1150 802 ferrum
1192 763 1229 804 mo

372 826 510 896 Cingitur,
527 840 559 877 ac
576 822 675 875 densos
693 821 781 874 fertur
799 823 949 876 moriturus
966 824 995 876 in
1012 823 1107 877 hostis.

374 901 504 957 Aedibus
521 899 550 952 in
567 897 666 953 mediis
684 897 813 965 nudoque
832 897 883 952 sub
902 898 1023 953 aetheris
1040 915 1092 953 axe

374 980 481 1048 Ingens
497 992 545 1030 ara
562 974 615 1028 fuit
633 974 763 1041 iuxtaque
782 976 929 1029 veterrima
946 976 1046 1044 laurus,

374 1054 544 1110 Incumbens
562 1067 625 1104 arae
643 1054 727 1118 atque
745 1050 844 1105 umbra
861 1053 992 1121 conplexa
1010 1052 1128 1107 Penatis.

374 1131 434 1187 Hic
453 1128 568 1183 Hecuba
585 1129 613 1180 et
630 1131 711 1203 natae
730 1129 897 1197 nequiquam
917 1129 1013 1183 altaria
1030 1130 1140 1197 circum,
1199 1141 1236 1183 ms

375 1206 547 1274 Praecipites
564 1207 625 1257 atra
643 1220 693 1257 ceu
711 1207 877 1273 tempestate
895 1205 1042 1272 columbae,

376 1280 540 1337 Condensae
557 1283 587 1333 et
604 1278 695 1332 divom
713 1281 855 1350 amplexae
873 1280 1016 1334 simulacra
1033 1280 1172 1335 sedebant.

376 1360 476 1428 Ipsum
494 1359 585 1409 autem
604 1356 718 1424 sumptis
738 1356 876 1409 Priamum
894 1356 1062 1409 iuvenalibus
1079 1357 1160 1409 armis

375 1435 421 1489 Ut
439 1432 515 1500 vidit,
535 1434 611 1497 Quae
629 1448 706 1485 mens
724 1435 781 1485 tam
799 1431 866 1499 dira,
885 1433 1035 1486 miserrime
1052 1431 1177 1500 coniunx,

378 1508 487 1579 Inpulit
505 1508 547 1562 his
565 1508 637 1577 cingi
655 1508 735 1562 telis?
753 1511 801 1562 aut
819 1525 874 1576 quo
892 1508 965 1562 ruisi
983 1507 1080 1577 iuquit.
1200 1521 1237 1560 sao

378 1586 403 1641 N
407 1604 445 1640 on
464 1585 512 1640 tali
528 1584 627 1638 auxilio
644 1601 695 1637 nec
713 1584 901 1638 defensoribus
918 1585 979 1639 istis

379 1664 501 1731 Tempus
520 1665 598 1729 eget;
615 1676 678 1727 non,
697 1660 720 1713 si
738 1662 796 1728 ipse
814 1677 891 1714 meus
909 1677 980 1714 nunc
998 1659 1107 1714 adforet
1125 1658 1237 1711 Hector.

380 1740 449 1794 Huc
465 1737 578 1790 tandem
596 1735 728 1802 concede3
746 1736 813 1789 haec
832 1752 878 1788 ara
897 1736 1021 1789 tuebitur
1039 1735 1135 1801 omnis,

381 1818 444 1870 Aut
460 1813 576 1867 moriere
594 1812 680 1866 simul
718 1813 763 1866 Sic
781 1828 828 1865 ore
847 1812 930 1865 effata
947 1810 1052 1879 recepit

381 1890 433 1946 Ad
450 1906 510 1944 sese
527 1892 558 1943 et
575 1905 651 1942 sacra
668 1888 830 1956 longaevum
848 1887 876 1939 in
894 1888 960 1940 sede
978 1886 1083 1939 locavit.
1201 1899 1239 1939 sas

419 1967 489 2019 Ilcce
506 1968 597 2019 autem
616 1964 723 2033 elapsus
742 1963 840 2032 Pyrrhi
857 1963 893 2017 de
913 1963 997 2017 caede
1017 1961 1126 2030 Polites,

380 2045 464 2099 Unus
480 2045 606 2095 natorum
625 2039 733 2102 Priami
751 2056 801 2108 per
819 2038 882 2106 tela,
900 2056 951 2108 per
969 2039 1056 2093 hostis

383 2117 540 2174 Porticibus
557 2117 644 2186 longis
661 2116 738 2185 fugit,
756 2118 786 2169 et
802 2132 889 2169 vacua
906 2116 976 2169 atria
993 2116 1094 2170 lustrat

382 2196 509 2251 Saucius:
526 2193 719 2266 illumuardens
736 2193 836 2247 infesto
852 2193 963 2247 volnere
981 2192 1103 2261 Pyrrhus

383 2272 552 2339 Insequitur,
563 2269 618 2323 iam
629 2270 738 2337 iamque
749 2285 832 2322 manu
844 2272 922 2323 tenet
933 2271 963 2322 et
974 2267 1076 2338 premit
1087 2267 1181 2322 hasta:
1203 2280 1241 2321 ssu

383 2348 427 2402 Ut
444 2346 556 2400 tandem
574 2348 639 2399 ante
657 2345 748 2399 oculos
766 2344 854 2398 evasit
872 2347 901 2398 et
918 2361 967 2397 ora
983 2347 1137 2416 parentum,

384 2421 518 2489 Concidit
537 2438 568 2476 ac
586 2421 672 2475 multo
690 2420 775 2474 vitam
793 2436 856 2473 cum
874 2419 1005 2487 sanguine
1022 2418 1102 2471 fudit.

385 2499 443 2553 Hic
461 2497 591 2565 Priamus,
609 2511 774 2565 quamquam
791 2496 820 2548 in
837 2495 928 2549 media
944 2494 998 2547 iam
1015 2495 1105 2546 morte
1121 2495 1240 2557 tenetur,

384 2575 412 2629 N
414 2590 449 2627 on
466 2576 558 2627 tamen
575 2572 715 2640 abstinuit,
733 2588 784 2626 nec
801 2571 861 2625 voci
878 2571 990 2638 iraeque
1008 2570 1145 2639 pepercit:

385 2654 429 2706 At
446 2649 497 2703 tibi
514 2666 564 2719 pro
582 2650 691 2715 scelere,
710 2648 851 2715 exclamat,
869 2663 919 2717 pro
936 2646 1037 2700 talibus
1053 2645 1133 2714 ausis,
1206 2660 1242 2699 sis

384 2727 431 2794 Di,
449 2726 472 2780 si
489 2742 544 2794 qua
561 2730 604 2781 est
621 2726 696 2780 caelo
713 2725 809 2794 pietas,
829 2740 899 2794 quae
917 2722 984 2777 talia
1001 2724 1086 2789 curet,

385 2802 549 2857 Persolvant
566 2806 658 2871 grates
677 2801 773 2869 dignas
790 2804 821 2855 et
839 2800 959 2869 praemia
976 2799 1095 2853 reddant

385 2877 497 2946 Debita,
514 2878 561 2946 qui
579 2878 637 2931 nati
654 2894 745 2931 coram
763 2892 808 2930 me
826 2892 938 2929 cernere
956 2874 1043 2929 letum

385 2954 491 3008 Fecisti
508 2957 537 3007 et
553 2954 657 3021 patrios
673 2951 792 3006 foedasti
810 2951 906 3005 funere
923 2950 1020 3004 voltus.

387 3033 431 3085 At
447 3045 502 3082 non
519 3028 574 3094 ille,
591 3031 681 3082 satum
699 3043 753 3096 quo
770 3031 800 3081 te
818 3027 950 3095 mentiris,
969 3025 1092 3079 Achilles
1209 3037 1246 3077 sse

387 3104 463 3160 Talis
480 3099 509 3157 ir'r
525 3104 606 3157 hoste
623 3104 676 3158 fuit
694 3103 803 3156 Priamo
812 3122 819 3167 3
836 3101 886 3155 sed
904 3103 963 3155 iura
980 3100 1120 3167 fidemque

387 3180 525 3250 Supplicia
541 3178 659 3247 crubuit,
676 3194 830 3248 corpusque
848 3193 985 3245 exsangue
1004 3173 1147 3243 sepulchro

388 3255 525 3311 Reddidit
543 3255 720 3321 Hectoreum,
736 3269 836 3322 meque
854 3252 882 3305 in
899 3268 961 3305 mea
978 3267 1063 3318 regna
1080 3249 1193 3304 remisit.

388 3332 437 3388 Sic
454 3332 528 3385 fatus
545 3329 643 3398 senior,
660 3330 802 3397 telumque
819 3327 996 3392 inbellesine
1012 3326 1070 3379 ictu

389 3407 524 3473 coniecit,
540 3422 622 3460 rauco
640 3404 714 3475 quod
730 3403 858 3474 protinus
874 3419 938 3458 aere
953 3401 1098 3473 repnluun

381 3485 426 3535 Et
438 3497 547 3533 summo
563 3482 644 3549 clipei
660 3483 834 3553 nequiquam
851 3479 977 3538 umbone
992 3476 1144 3551 pependit.

372 3552 429 3603 Oui
441 3551 583 3667 ἔντοποι
601 3556 727 3617 iterares
745 3577 819 3633 ergo
835 3561 912 3620 haec
931 3563 967 3619 et
981 3557 1112 3617 nunt'ms
1123 3552 1188 3607 tna
