3242 4159
573 519 754 570 AENEIDOS
772 520 843 570 LIB.
863 519 896 569 V.
1087 520 1133 571 177
1157 559 1160 566 ,

355 601 414 668 bat,
432 600 471 654 sic
488 615 551 654 acer
568 615 638 669 equo
655 599 767 653 turbata
783 601 881 669 petivit

355 694 387 743 ra,
403 693 453 730 nec
472 676 610 729 exanimos
628 680 742 744 possunt
760 678 888 731 retinere·
899 676 1030 746 magistri.

358 754 435 807 furor
447 753 501 807 iste
512 754 614 807 novusl
630 769 684 821 quo
696 770 774 818 nune,
788 770 843 821 que
855 755 977 822 tenditis,
988 753 1086 823 inquit,
1097 768 1134 810 oro

363 830 480 884 miserae
497 830 586 883 civesl
607 845 661 881 non
679 828 787 883 hostem
805 830 967 899 inimicaque
984 833 1075 884 castra

355 924 420 973 vom,
439 909 545 959 vestras
563 922 625 974 spes
642 905 729 959 uritis.
764 905 814 974 En,
831 923 882 974 ego
900 910 993 961 vester

354 984 415 1036 nius
423 981 572 1050 t—galeam
590 984 655 1035 ante
672 980 757 1049 pedes
774 982 891 1051 proiecit
908 983 1025 1053 inanem,

357 1059 423 1115 ludo
440 1057 553 1111 indutus
570 1057 636 1112 belli
654 1058 798 1111 simulacra
815 1058 914 1114 ciebat

355 1136 431 1190 derat
448 1133 528 1187 simul
547 1135 663 1199 Aeneas,
682 1134 762 1187 simul
779 1135 890 1202 agmina
907 1136 1048 1192 Teucrum
1096 1150 1133 1193 ors

354 1212 415 1265 illae
433 1210 542 1264 diversa
559 1213 636 1262 metu
653 1226 704 1277 per
720 1209 803 1263 litora
820 1211 921 1278 passim

355 1289 440 1357 giunt,
458 1286 593 1353 silvasque
611 1290 640 1340 et
657 1285 743 1339 sicubi
761 1300 878 1340 concava
894 1287 991 1342 furtim

367 1366 480 1434 petunt;
502 1362 578 1430 piget
591 1362 697 1430 incepti
714 1362 845 1432 lucisque,
863 1378 981 1432 suosque

355 1448 404 1494 ‚tae
422 1439 599 1507 adgnoscunt,
618 1454 786 1506 excussaque
802 1442 915 1508 pectore
933 1440 1003 1495 Iuno
1021 1442 1071 1495 est

355 1534 405 1569 non
423 1516 525 1569 idcirco
543 1515 669 1568 flammae
686 1518 771 1583 atque
787 1516 915 1571 incendia
930 1516 997 1571 viris
1093 1531 1132 1570 oso

355 1594 432 1647 mites
450 1608 581 1661 posuere;
602 1591 657 1645 udo
675 1591 727 1645 snb
744 1592 844 1646 robore
861 1593 929 1647 vivit

355 1679 385 1732 na
402 1678 512 1715 vomens
530 1661 641 1715 tardum
659 1661 771 1729 fumum,
789 1662 934 1731 lentusque
951 1661 1057 1715 carinm

355 1754 436 1807 sapor,
455 1742 485 1792 et
502 1741 562 1791 toto
580 1737 724 1791 deseendit
742 1754 856 1806 corpore
873 1739 966 1806 pestis,

355 1816 425 1868 vires
442 1815 555 1867 heroum
572 1813 715 1881 infusaque
733 1813 845 1866 flumina
860 1825 982 1882 prosunt.¹

363 1891 424 1959 pius
444 1894 552 1944 Aeneas
571 1889 692 1942 humeris
710 1888 869 1944 abscindere
886 1892 999 1958 vestem,
1092 1905 1130 1944 ess

355 1968 444 2037 lioqne
462 1983 558 2020 vocare
577 1966 650 2032 deos,
670 1968 699 2019 et
716 1964 833 2019 tendere
849 1965 967 2034 palma:

355 2045 405 2098 iter
422 2044 598 2111 omnipotens,
617 2042 640 2095 si
658 2041 778 2095 nondum
796 2058 895 2096 exosus
913 2042 949 2096 ad
966 2058 1052 2097 unum
1161 2082 1164 2087 -

355 2137 413 2184 nos,
431 2119 453 2172 si
472 2119 540 2187 quid
557 2120 646 2187 pietas
663 2118 775 2187 antiqua
793 2118 901 2173 labores

354 2196 401 2250 icit
417 2195 557 2262 humanos,
576 2195 612 2247 da
629 2194 765 2247 flammam
783 2194 901 2248 evadere
917 2194 997 2249 classi

355 2294 365 2339 e,
384 2272 475 2338 Pater,
494 2276 523 2325 et
541 2272 631 2324 tenuis
651 2271 784 2323 Teucrum
802 2286 847 2323 res
865 2270 942 2338 eripe
959 2271 1022 2325 leto.
1092 2284 1129 2324 cro

355 2367 386 2417 n,
406 2348 480 2417 quod
498 2350 630 2416 superest,
647 2347 746 2399 infesto
762 2344 876 2399 fulmine
893 2346 983 2413 morti,

355 2442 438 2493 creor,
456 2425 580 2491 demitte,
598 2429 701 2491 tuaque
718 2421 763 2474 hic
779 2420 866 2474 obrue
883 2421 989 2475 dextra.

355 2503 417 2557 baec
435 2501 567 2567 ediderat,
586 2517 646 2553 cum
665 2499 755 2553 effusis
773 2496 908 2551 imbribus
924 2500 986 2550 atra

355 2583 436 2632 testas
453 2579 510 2631 sine
527 2594 602 2630 more
621 2576 695 2642 furit,
715 2574 876 2642 tonitruque
893 2576 1062 2628 tremescunt

355 2673 375 2709 ‚a
392 2660 527 2709 terrarum
545 2659 575 2707 et
592 2652 696 2721 campi3
715 2652 771 2706 ruit
789 2650 902 2705 aethere
919 2653 979 2704 toto
1091 2666 1128 2705 cas

355 2732 413 2785 idus
431 2732 519 2785 imber
536 2748 609 2799 aqua
627 2730 774 2798 densisque
792 2728 956 2797 nigerrImus
973 2728 1089 2795 aiistris3

356 2812 476 2877 nturque
494 2824 576 2875 super
592 2823 713 2875 puppes;
733 2806 864 2859 semiusta
881 2803 1041 2859 madescunt

355 2902 401 2951 ra;
423 2886 572 2938 restinctus
591 2883 678 2937 donec
695 2900 779 2952 vapor
798 2884 892 2951 omnis,
909 2886 939 2937 ct
956 2897 1057 2948 omnes,

355 2966 413 3014 tuor
431 2962 544 3027 amissis,
563 2964 686 3013 servatae
705 2976 721 3013 a
738 2963 817 3028 peste
834 2958 948 3013 carinae.

369 3042 449 3106 pater
468 3041 584 3103 Aeneas,
603 3053 668 3090 casu
685 3053 830 3090 concussus
848 3034 953 3100 acerbe,
1091 3045 1128 3086 ⁷0⁰

373 3116 426 3169 hue
443 3115 570 3183 ingentis,
588 3130 660 3166 nune
677 3112 741 3166 illue
759 3116 870 3181 pectore
888 3127 967 3165 curas

355 3191 405 3246 bat
422 3208 541 3259 versans,
561 3190 693 3244 Siculisne
711 3189 846 3243 resideret
863 3188 943 3255 arvis,
1023 3245 1027 3250 ,

353 3286 386 3322 us
404 3270 530 3336 fatorum,
549 3268 671 3321 Italasne
689 3267 845 3335 capesseret
862 3280 930 3317 oras.

363 3347 451 3400 senior
471 3347 585 3411 Nautes,
601 3360 686 3397 ununr
705 3343 828 3396 Tritonia
847 3340 937 3394 Pallas
959 3370 962 3376 »

355 3441 361 3474 ι
381 3424 473 3476 docuit
489 3423 634 3491 multaque
651 3420 789 3491 insignem
805 3416 936 3475 reddidit
950 3418 1053 3470 arte-
1100 3422 1149 3465 uus

358 3514 491 3563 responsa
510 3499 607 3569 dabat,
627 3500 672 3555 vel
694 3517 770 3573 quae
786 3496 984 3572 portenderet
997 3491 1048 3544 irc·

373 3571 467 3639 deum,
488 3575 535 3629 vel
553 3592 633 3645 quae
651 3579 789 3637 fatorum
804 3577 953 3653 posceret
969 3566 1088 3625 orde-
