3242 4159
560 795 563 799 ’
615 812 647 861 r.
665 809 823 859 vunnim
840 808 1009 858 Minonis

533 950 1052 1050 'nunninus

663 1164 780 1217 LIBER
798 1160 967 1216 TERTIUS.

763 1290 866 1351 Α..

382 1439 540 1498 rosseum
557 1452 603 1490 res
621 1435 706 1490 Asiae
725 1434 883 1504 Priamique
902 1438 1027 1491 evertere
1045 1440 1155 1506 gentem

381 1514 550 1569 inmeritam
567 1512 654 1566 risum
672 1512 792 1580 Superis,
810 1511 964 1579 ceciditque
981 1514 1129 1583 superbum

383 1589 470 1645 Ilium
487 1592 516 1643 et
533 1589 620 1642 omnis
637 1588 720 1640 humo
737 1587 826 1640 sumat
844 1587 984 1655 Neptunia
1003 1590 1090 1660 Troia,

382 1667 502 1720 Diversa
518 1665 615 1719 exsilia
632 1669 661 1718 et
679 1664 804 1716 desertas
823 1680 955 1729 quaerere
972 1669 1062 1719 terras

383 1742 520 1811 Auguriis
537 1741 644 1809 agimur
661 1739 760 1807 divom,
777 1739 947 1806 classemque
965 1742 1017 1794 sub
1034 1743 1094 1810 ipsa
1229 1756 1243 1797 ⁵

383 1817 532 1873 Antandro
550 1820 580 1871 et
598 1815 732 1885 Phrygiae
749 1815 876 1868 molimur
893 1817 1032 1870 montibus
1050 1818 1126 1885 Idae,

384 1895 499 1961 Incerti,
517 1910 572 1963 quo
589 1893 647 1947 fata
664 1892 762 1959 forant,
782 1891 828 1944 ubi
846 1892 945 1945 sistere
963 1893 1052 1962 detur,

385 1970 634 2039 Contrahimusque
651 1970 729 2023 viros.
767 1969 822 2021 Vix
840 1968 929 2037 prima
945 1970 1086 2039 inceperat
1102 1975 1201 2040 aestus,

384 2047 425 2101 Et
442 2050 522 2114 pater
541 2046 677 2110 Anchises
695 2046 762 2100 dare
780 2046 846 2099 fatis
865 2027 1071 2113 velaffubebam

384 2123 483 2177 Litora
499 2139 562 2176 cum
579 2124 685 2191 patriae
702 2122 848 2176 lacrimans
864 2127 1016 2193 portusque
1033 2125 1156 2193 relinquo
1219 2138 1243 2176 1o

350 2199 358 2212 ‘
384 2198 425 2254 Et
443 2215 559 2268 campos,
576 2197 625 2251 ubi
643 2198 724 2251 Troia
740 2198 800 2252 fuit.
838 2199 926 2253 Feror
943 2201 1020 2253 exsul
1037 2202 1065 2254 in
1083 2201 1169 2254 altum

386 2274 458 2330 tum
475 2274 554 2328 sociis
571 2277 693 2343 natoque
712 2274 862 2329 Penatibus
880 2279 909 2328 et
927 2277 1033 2343 magnis
1050 2277 1099 2329 dis.

423 2350 508 2403 Terra
524 2350 618 2419 procul
636 2352 721 2405 vastis
739 2351 838 2405 colitur
856 2352 991 2405 Mavortia
1008 2352 1118 2419 eampis,

384 2425 506 2480 Thraces
523 2430 610 2496 arant,
628 2428 683 2481 acri
702 2428 840 2497 quondam
858 2430 972 2495 regnata
990 2427 1120 2495 Lycurgo,

389 2501 547 2570 Hospitium
565 2502 709 2571 antiquum
727 2504 824 2556 Troiae
842 2504 961 2571 sociique
979 2502 1105 2570 Penates,
1219 2516 1244 2555 15

385 2576 462 2631 Dum
480 2577 603 2632 Fortuna
619 2580 679 2633 fuit.
716 2580 802 2633 Feror
818 2580 879 2647 huc,
898 2584 927 2634 et
944 2580 1024 2634 litore
1040 2595 1122 2635 cumo

385 2653 498 2708 Moenia
514 2655 603 2723 prima
620 2654 686 2723 loco,
703 2656 768 2709 fatis
786 2656 926 2724 ingressus
944 2657 1051 2727 iniquis,

385 2730 590 2800 Aeneadasque
607 2748 668 2785 meo
685 2748 785 2786 nomen
802 2732 839 2786 de
856 2734 964 2788 nomine
982 2735 1062 2803 fingo.

423 2805 506 2859 Sacra
522 2806 660 2862 Dionaeae
677 2810 760 2864 matri
777 2809 903 2878 divisque
919 2811 1042 2864 ferebam

385 2882 556 2951 Auspicibus
573 2888 731 2953 coeptorum
749 2903 871 2955 operum,
890 2903 1044 2955 superoque
1061 2888 1196 2939 nitentem
1219 2897 1244 2935 ao

386 2957 554 3013 Caelicolum
571 2961 630 3028 regi
647 2961 800 3015 mactabam
818 2962 846 3015 in
863 2962 945 3015 litore
963 2966 1081 3017 taurum.

386 3032 474 3087 Forte
491 3033 544 3089 fuit
561 3035 639 3090 iuxta
656 3038 786 3105 tumulus,
804 3055 859 3107 quo
876 3055 974 3092 cornea
990 3052 1097 3091 summo

386 3107 519 3176 Virgulta
536 3116 566 3165 et
583 3111 675 3167 densis
692 3113 839 3168 hastilibus
856 3114 968 3167 horrida
984 3115 1098 3181 myrtus.

386 3184 509 3254 Accessi,
527 3186 700 3257 viridemque
718 3190 753 3243 ab
771 3191 854 3243 humo
872 3189 1024 3244 convellere
1041 3188 1137 3242 silvam

386 3258 518 3329 conatus,
536 3264 620 3316 ramis
637 3268 761 3333 tegerem
778 3268 811 3320 ut
827 3264 1019 3319 frondentibus
1037 3280 1105 3331 aras,
1216 3282 1240 3321 as

386 3334 564 3391 Horrendum
585 3343 615 3393 ct
632 3339 709 3395 dictu
727 3341 808 3397 video
825 3340 953 3397 mirabile
968 3344 1134 3397 monstrum.

372 3405 456 3493 Nun,
475 3425 548 3476 quae
562 3415 656 3480 prima
674 3418 734 3473 solo
753 3421 850 3491 ruptis
866 3421 1017 3479 radicibus
1031 3418 1120 3475 arbos

367 3475 493 3547 vantur,
511 3484 580 3540 braio
596 3495 663 3546 atro
681 3494 841 3566 liquuntur
861 3502 1009 3575 sanguine
1026 3501 1134 3573 tum
