3242 4159
615 668 646 718 P.
672 665 828 719 VERGILI
844 667 1009 720 MARONIS

548 773 1040 910 ¹nnunrnos

664 1007 781 1061 LIBER
812 1005 965 1062 PRIMUS.

765 1155 866 1182 -0-

390 1272 482 1326 Anus
498 1270 641 1338 virumque
658 1286 733 1338 eane,
752 1274 848 1325 Troiae
865 1274 912 1341 qui
928 1274 1032 1341 primus
1048 1275 1084 1329 ab
1101 1278 1156 1331 eris
1203 1285 1208 1293 '

389 1347 507 1414 Italiam,
524 1347 565 1400 fa
553 1350 583 1400 0
600 1347 738 1415 profugus,
757 1348 913 1416 Lavinaque
930 1350 1034 1405 venit

389 1422 492 1489 Litora,
510 1421 580 1475 mult
568 1425 626 1474 ιιιιιι
643 1422 690 1475 ille
707 1425 736 1476 et
753 1424 836 1477 terris
852 1425 968 1478 iactatus
986 1430 1015 1480 et
1032 1405 1098 1480 alto

389 1499 426 1554 Vi
444 1516 579 1569 superum,
597 1515 693 1553 saevae
710 1515 859 1554 memorem
877 1502 988 1555 Iunonis
1005 1502 1064 1556 ob
1056 1520 1131 1571 uam,

389 1575 479 1631 Multa
497 1593 605 1645 quoque
623 1580 652 1630 et
668 1576 741 1630 bello
744 1593 861 1646 passus,
878 1578 944 1632 dum
960 1580 1091 1633 conderet
1105 1581 1211 1649 urbem,
1227 1596 1241 1637 ι

388 1653 565 1723 Inferretquo
582 1654 649 1709 deos
660 1654 755 1726 Latio,
771 1670 858 1721 genus
875 1654 948 1708 unde
965 1648 1105 1709 Latinum

388 1730 545 1801 Albanique
561 1735 610 1800 pat
611 1748 656 1786 res
660 1733 757 1800 atque
774 1730 847 1785 altae
864 1731 970 1785 moenia
988 1732 1097 1785 Romae.

423 1806 510 1875 Musa,
528 1809 594 1862 mihi
611 1824 718 1863 caussas
728 1799 864 1890 memora}
882 1824 936 1875 quo
953 1808 1062 1861 nunrine
1079 1807 1162 1876 laeso,

388 1884 495 1949 Quidve
512 1884 614 1953 delens,
621 1884 728 2015 regina
731 1877 827 1938 deum
844 1887 888 1938 tet
904 1885 1013 1938 volvere
1031 1900 1110 1938 casus

388 1959 529 2029 Insignem
545 1961 620 2030 pieta
621 1962 764 2050 ιοιιιιιιιιἸ
772 1962 815 2015 tet
831 1960 908 2014 adire
924 1947 1041 2014 labores
1215 1974 1242 2015 le

387 2036 530 2106 Impulerit
565 2037 705 2091 Tantaene
722 2036 818 2091 animis
836 2036 1000 2091 caelestibus
1015 2037 1090 2092 iruei

396 2187 496 2243 Urbs
513 2191 627 2260 antiqua
643 2192 703 2260 fuit,
721 2191 794 2260 Tyrii
810 2192 927 2245 tenuere
943 2190 1038 2258 coloni,

386 2266 538 2335 Karthago,
557 2267 668 2321 Italiam
685 2262 785 2322 centra
798 2267 978 2356 Tiberinaque
995 2266 1096 2347 longo

386 2343 471 2412 Ostia,
490 2344 567 2399 dives
584 2360 697 2413 opums
698 2344 838 2413 tudiisque
854 2344 1004 2412 asperrima
1020 2329 1098 2407 bella

385 2419 473 2484 Quam
492 2421 561 2475 Iuno
578 2420 667 2475 iertm
684 2422 766 2477 terris
782 2419 872 2506 magis
888 2419 1012 2474 omnibus
1028 2436 1111 2474 unam
1215 2434 1243 2475 ιι

383 2495 546 2551 Posthabita
563 2498 678 2568 coluisse
696 2497 792 2563 Samo}
792 2485 854 2550 hie
870 2496 943 2550 illius
959 2513 1042 2564 arma,

383 2572 439 2626 Hic
456 2589 607 2626 currusm
568 2573 620 2626 fuit
628 2573 704 2637 {hoe
721 2590 838 2640 regnum
839 2574 908 2627 dea
926 2574 1054 2641 gentibus
1071 2588 1139 2638 esse,

383 2647 413 2702 Si
430 2665 485 2717 qua
501 2649 560 2702 fata
578 2650 699 2715 ιιιιιιιιι,Ι
692 2667 747 2703 ram
765 2653 826 2702 tum
844 2651 991 2739 tenditque
1009 2650 1144 2717 fovetque

383 2722 546 2794 Progeniem
564 2725 703 2779 sedenim
721 2725 836 2779 Troiano
854 2743 871 2779 a
889 2728 1018 2793 sanguine
1036 2725 1100 2779 duci

383 2802 527 2871 Audierat,
507 2803 637 2871 ιΤιιιιιι
656 2803 721 2857 olim
738 2820 808 2892 quae
826 2807 952 2858 verteret
969 2795 1059 2869 arces}
1214 2814 1243 2853 a)

382 2878 456 2933 Hine
472 2820 602 2948 pepuldm
619 2879 675 2933 late
693 2897 787 2948 regem
786 2879 934 2949 belloque
951 2880 1099 2950 superbum

382 2949 537 3009 Ventuuum
555 2955 676 3018 exscidia
695 2957 811 3025 Libyae.
830 2957 869 3011 sie
886 2958 997 3011 volvero
1015 2956 1122 3009 Parma

381 3030 418 3085 Id
434 3036 562 3087 metuens
578 3033 735 3102 veterisque
752 3050 859 3088 memor
877 3034 1008 3088 Saturnia
1025 3031 1097 3100 belli,

381 3107 474 3163 Prima
491 3110 565 3179 quod
583 3110 619 3164 ad
638 3110 746 3164 Troiam
763 3127 815 3179 pro
832 3111 903 3164 caris
920 3114 1046 3179 gesserat
1064 3106 1186 3176 Argis-
1226 3105 1228 3110 '

380 3182 506 3240 Necdum
524 3187 607 3241 etiam
625 3204 736 3241 cerussae
753 3188 857 3241 irarum
875 3187 1004 3255 saeuque
1023 3186 1132 3239 dolores
1213 3194 1241 3237 ιι

381 3258 549 3316 Exciderant
566 3265 669 3318 animo,
686 3266 780 3318 manet
797 3263 854 3317 alta
871 3267 964 3340 mente
982 3265 1124 3331 repostum

375 3332 511 3389 Indidem
529 3338 638 3393 Paridis
655 3339 849 3411 spretaeque
841 3335 946 3393 iniuria
959 3339 1074 3405 romae,

352 3404 397 3455 Er
406 3422 504 3469 genus
518 3412 648 3484 inrisum,
670 3422 702 3475 et
719 3419 799 3488 rapti
817 3415 996 3482 Ganymedis
1009 3413 1154 3467 nonanes&
