<?xml version="1.0" encoding="UTF-8"?>
<!DOCTYPE html PUBLIC "-//W3C//DTD XHTML 1.0 Transitional//EN"
    "http://www.w3.org/TR/xhtml1/DTD/xhtml1-transitional.dtd">
<html xmlns="http://www.w3.org/1999/xhtml" xml:lang="en" lang="en">
 <head>
  <title>
</title>
<meta http-equiv="Content-Type" content="text/html;charset=utf-8" />
  <meta name='ocr-system' content='tesseract 3.04.00' />
  <meta name='ocr-capabilities' content='ocr_page ocr_carea ocr_par ocr_line ocrx_word'/>
</head>
<body>
  <div class='ocr_page' id='page_1' title='image "./publivergilimar00conigoog/publivergilimar00conigoog_0151.png"; bbox 0 0 3242 4159; ppageno 0'>
   <div class='ocr_carea' id='block_1_1' title="bbox 384 519 1250 2957">
    <p class='ocr_par' dir='ltr' id='par_1_1' title="bbox 384 519 1250 2957">
     <span class='ocr_line' id='line_1_1' title="bbox 645 519 1247 572; baseline -0.008 0"><span class='ocrx_word' id='word_1_1' title='bbox 645 521 829 572; x_wconf 89' lang='lat' dir='ltr'><strong>AENEIDOS</strong></span> <span class='ocrx_word' id='word_1_2' title='bbox 848 520 918 570; x_wconf 84' lang='lat' dir='ltr'><strong>LIB.</strong></span> <span class='ocrx_word' id='word_1_3' title='bbox 940 520 993 568; x_wconf 84' lang='lat' dir='ltr'><strong>Ill.</strong></span> <span class='ocrx_word' id='word_1_4' title='bbox 1201 519 1247 569; x_wconf 82' lang='lat'><strong>131</strong></span> 
     </span>
     <span class='ocr_line' id='line_1_2' title="bbox 387 600 1080 677; baseline -0.014 -12"><span class='ocrx_word' id='word_1_5' title='bbox 387 605 523 677; x_wconf 76' lang='lat' dir='ltr'><strong>Deriguit</strong></span> <span class='ocrx_word' id='word_1_6' title='bbox 538 604 600 661; x_wconf 76' lang='lat' dir='ltr'><strong>visu</strong></span> <span class='ocrx_word' id='word_1_7' title='bbox 615 604 646 659; x_wconf 92' lang='lat' dir='ltr'><strong>in</strong></span> <span class='ocrx_word' id='word_1_8' title='bbox 663 602 761 669; x_wconf 91' lang='lat' dir='ltr'><strong>medio,</strong></span> <span class='ocrx_word' id='word_1_9' title='bbox 779 601 854 656; x_wconf 82' lang='lat' dir='ltr'><strong>calor</strong></span> <span class='ocrx_word' id='word_1_10' title='bbox 872 618 935 655; x_wconf 91' lang='lat' dir='ltr'><strong>ossa</strong></span> <span class='ocrx_word' id='word_1_11' title='bbox 951 600 1080 669; x_wconf 80' lang='lat' dir='ltr'><strong>reliqnit3</strong></span> 
     </span>
     <span class='ocr_line' id='line_1_3' title="bbox 387 678 1104 753; baseline -0.011 -13"><span class='ocrx_word' id='word_1_12' title='bbox 387 684 518 753; x_wconf 75' lang='lat' dir='ltr'><strong>Labitur,</strong></span> <span class='ocrx_word' id='word_1_13' title='bbox 536 686 565 737; x_wconf 89' lang='lat' dir='ltr'><strong>et</strong></span> <span class='ocrx_word' id='word_1_14' title='bbox 582 682 663 749; x_wconf 80' lang='lat' dir='ltr'><strong>longo</strong></span> <span class='ocrx_word' id='word_1_15' title='bbox 680 680 727 735; x_wconf 83' lang='lat' dir='ltr'><strong>vix</strong></span> <span class='ocrx_word' id='word_1_16' title='bbox 744 679 857 733; x_wconf 87' lang='lat' dir='ltr'><strong>tandem</strong></span> <span class='ocrx_word' id='word_1_17' title='bbox 874 682 1000 747; x_wconf 87' lang='lat' dir='ltr'><strong>tempere</strong></span> <span class='ocrx_word' id='word_1_18' title='bbox 1017 678 1104 732; x_wconf 85' lang='lat' dir='ltr'><strong>fatur:</strong></span> 
     </span>
     <span class='ocr_line' id='line_1_4' title="bbox 389 752 1250 825; baseline -0.012 -10"><span class='ocrx_word' id='word_1_19' title='bbox 389 760 504 815; x_wconf 87' lang='lat' dir='ltr'><strong>Verane</strong></span> <span class='ocrx_word' id='word_1_20' title='bbox 521 761 551 813; x_wconf 88' lang='lat' dir='ltr'><strong>ta</strong></span> <span class='ocrx_word' id='word_1_21' title='bbox 567 757 658 825; x_wconf 75' lang='lat' dir='ltr'><strong>iacies,</strong></span> <span class='ocrx_word' id='word_1_22' title='bbox 675 773 758 811; x_wconf 86' lang='lat' dir='ltr'><strong>verus</strong></span> <span class='ocrx_word' id='word_1_23' title='bbox 775 755 842 809; x_wconf 90' lang='lat' dir='ltr'><strong>mihi</strong></span> <span class='ocrx_word' id='word_1_24' title='bbox 859 753 971 809; x_wconf 87' lang='lat' dir='ltr'><strong>nuntius</strong></span> <span class='ocrx_word' id='word_1_25' title='bbox 989 752 1089 819; x_wconf 83' lang='lat' dir='ltr'><strong>adfers,</strong></span> <span class='ocrx_word' id='word_1_26' title='bbox 1211 766 1250 806; x_wconf 82' lang='lat' dir='ltr'><strong>aro</strong></span> 
     </span>
     <span class='ocr_line' id='line_1_5' title="bbox 386 830 1106 899; baseline -0.013 -8"><span class='ocrx_word' id='word_1_27' title='bbox 386 836 467 896; x_wconf 78' lang='lat' dir='ltr'><strong>Nate</strong></span> <span class='ocrx_word' id='word_1_28' title='bbox 485 835 554 889; x_wconf 77' lang='lat' dir='ltr'><strong>deal</strong></span> <span class='ocrx_word' id='word_1_29' title='bbox 574 834 696 888; x_wconf 72' lang='lat' dir='ltr'><strong>vivisne?</strong></span> <span class='ocrx_word' id='word_1_30' title='bbox 717 835 772 899; x_wconf 84' lang='lat' dir='ltr'><strong>aut,</strong></span> <span class='ocrx_word' id='word_1_31' title='bbox 791 832 815 885; x_wconf 91' lang='lat' dir='ltr'><strong>si</strong></span> <span class='ocrx_word' id='word_1_32' title='bbox 831 831 880 884; x_wconf 87' lang='lat' dir='ltr'><strong>lux</strong></span> <span class='ocrx_word' id='word_1_33' title='bbox 897 830 970 883; x_wconf 88' lang='lat' dir='ltr'><strong>alma</strong></span> <span class='ocrx_word' id='word_1_34' title='bbox 986 830 1106 897; x_wconf 78' lang='lat' dir='ltr'><strong>recessit,</strong></span> 
     </span>
     <span class='ocr_line' id='line_1_6' title="bbox 389 906 1227 976; baseline -0.008 -10"><span class='ocrx_word' id='word_1_35' title='bbox 389 912 501 966; x_wconf 81' lang='lat' dir='ltr'><strong>Hector</strong></span> <span class='ocrx_word' id='word_1_36' title='bbox 517 909 565 964; x_wconf 92' lang='lat' dir='ltr'><strong>ubi</strong></span> <span class='ocrx_word' id='word_1_37' title='bbox 583 910 642 963; x_wconf 76' lang='lat' dir='ltr'><strong>esti</strong></span> <span class='ocrx_word' id='word_1_38' title='bbox 663 908 740 976; x_wconf 84' lang='lat' dir='ltr'><strong>dixit,</strong></span> <span class='ocrx_word' id='word_1_39' title='bbox 758 908 939 976; x_wconf 75' lang='lat' dir='ltr'><strong>lacrimasque</strong></span> <span class='ocrx_word' id='word_1_40' title='bbox 956 906 1055 960; x_wconf 82' lang='lat' dir='ltr'><strong>effudit</strong></span> <span class='ocrx_word' id='word_1_41' title='bbox 1072 909 1102 960; x_wconf 92' lang='lat' dir='ltr'><strong>et</strong></span> <span class='ocrx_word' id='word_1_42' title='bbox 1119 916 1227 959; x_wconf 90' lang='lat' dir='ltr'><strong>omnem</strong></span> 
     </span>
     <span class='ocr_line' id='line_1_7' title="bbox 390 982 1076 1056; baseline -0.004 -16"><span class='ocrx_word' id='word_1_43' title='bbox 390 986 514 1056; x_wconf 78' lang='lat' dir='ltr'><strong>Inplevit</strong></span> <span class='ocrx_word' id='word_1_44' title='bbox 531 985 649 1040; x_wconf 88' lang='lat' dir='ltr'><strong>clamore</strong></span> <span class='ocrx_word' id='word_1_45' title='bbox 666 984 762 1038; x_wconf 91' lang='lat' dir='ltr'><strong>locum.</strong></span> <span class='ocrx_word' id='word_1_46' title='bbox 798 983 854 1037; x_wconf 85' lang='lat' dir='ltr'><strong>Vix</strong></span> <span class='ocrx_word' id='word_1_47' title='bbox 870 999 958 1051; x_wconf 86' lang='lat' dir='ltr'><strong>pauca</strong></span> <span class='ocrx_word' id='word_1_48' title='bbox 973 982 1076 1037; x_wconf 87' lang='lat' dir='ltr'><strong>furenti</strong></span> 
     </span>
     <span class='ocr_line' id='line_1_8' title="bbox 389 1058 1026 1117; baseline -0.005 -1"><span class='ocrx_word' id='word_1_49' title='bbox 389 1062 514 1117; x_wconf 81' lang='lat' dir='ltr'><strong>Sublicio</strong></span> <span class='ocrx_word' id='word_1_50' title='bbox 531 1061 648 1115; x_wconf 80' lang='lat' dir='ltr'><strong>etruria</strong></span> <span class='ocrx_word' id='word_1_51' title='bbox 665 1060 793 1114; x_wconf 86' lang='lat' dir='ltr'><strong>turbatus</strong></span> <span class='ocrx_word' id='word_1_52' title='bbox 810 1058 921 1113; x_wconf 82' lang='lat' dir='ltr'><strong>vocibus</strong></span> <span class='ocrx_word' id='word_1_53' title='bbox 938 1058 1026 1113; x_wconf 89' lang='lat' dir='ltr'><strong>hisco:</strong></span> 
     </span>
     <span class='ocr_line' id='line_1_9' title="bbox 384 1136 1249 1207; baseline -0.005 -16"><span class='ocrx_word' id='word_1_54' title='bbox 384 1137 465 1192; x_wconf 65' lang='lat' dir='ltr'><strong>Viro</strong></span> <span class='ocrx_word' id='word_1_55' title='bbox 476 1137 612 1207; x_wconf 87' lang='lat' dir='ltr'><strong>equidem,</strong></span> <span class='ocrx_word' id='word_1_56' title='bbox 624 1136 767 1205; x_wconf 85' lang='lat' dir='ltr'><strong>vitamque</strong></span> <span class='ocrx_word' id='word_1_57' title='bbox 775 1138 900 1189; x_wconf 87' lang='lat' dir='ltr'><strong>extrema</strong></span> <span class='ocrx_word' id='word_1_58' title='bbox 917 1136 1073 1204; x_wconf 87' lang='lat' dir='ltr'><strong>peremnia</strong></span> <span class='ocrx_word' id='word_1_59' title='bbox 1090 1137 1159 1189; x_wconf 93' lang='lat' dir='ltr'><strong>duco</strong></span> <span class='ocrx_word' id='word_1_60' title='bbox 1166 1152 1175 1198; x_wconf 80' lang='lat'>3</span> <span class='ocrx_word' id='word_1_61' title='bbox 1213 1147 1249 1187; x_wconf 81' lang='lat' dir='ltr'><strong>are</strong></span> 
     </span>
     <span class='ocr_line' id='line_1_10' title="bbox 390 1212 826 1281; baseline -0.007 -13"><span class='ocrx_word' id='word_1_62' title='bbox 390 1214 438 1268; x_wconf 88' lang='lat' dir='ltr'><strong>Ne</strong></span> <span class='ocrx_word' id='word_1_63' title='bbox 457 1214 560 1281; x_wconf 87' lang='lat' dir='ltr'><strong>dubita,</strong></span> <span class='ocrx_word' id='word_1_64' title='bbox 577 1229 640 1266; x_wconf 92' lang='lat' dir='ltr'><strong>nam</strong></span> <span class='ocrx_word' id='word_1_65' title='bbox 658 1229 723 1266; x_wconf 86' lang='lat' dir='ltr'><strong>vera</strong></span> <span class='ocrx_word' id='word_1_66' title='bbox 740 1212 826 1266; x_wconf 86' lang='lat' dir='ltr'><strong>vides.</strong></span> 
     </span>
     <span class='ocr_line' id='line_1_11' title="bbox 391 1287 1082 1359; baseline -0.004 -15"><span class='ocrx_word' id='word_1_67' title='bbox 391 1288 471 1344; x_wconf 89' lang='lat' dir='ltr'><strong>Heu!</strong></span> <span class='ocrx_word' id='word_1_68' title='bbox 494 1289 555 1359; x_wconf 91' lang='lat' dir='ltr'><strong>quis</strong></span> <span class='ocrx_word' id='word_1_69' title='bbox 574 1292 603 1343; x_wconf 88' lang='lat' dir='ltr'><strong>te</strong></span> <span class='ocrx_word' id='word_1_70' title='bbox 621 1303 700 1342; x_wconf 88' lang='lat' dir='ltr'><strong>casus</strong></span> <span class='ocrx_word' id='word_1_71' title='bbox 718 1288 853 1342; x_wconf 86' lang='lat' dir='ltr'><strong>deiectam</strong></span> <span class='ocrx_word' id='word_1_72' title='bbox 871 1287 986 1356; x_wconf 84' lang='lat' dir='ltr'><strong>coniuge</strong></span> <span class='ocrx_word' id='word_1_73' title='bbox 1002 1290 1082 1342; x_wconf 88' lang='lat' dir='ltr'><strong>tanto</strong></span> 
     </span>
     <span class='ocr_line' id='line_1_12' title="bbox 391 1362 1104 1434; baseline -0.004 -14"><span class='ocrx_word' id='word_1_74' title='bbox 391 1366 520 1434; x_wconf 85' lang='lat' dir='ltr'><strong>Excipitl</strong></span> <span class='ocrx_word' id='word_1_75' title='bbox 542 1368 591 1419; x_wconf 88' lang='lat' dir='ltr'><strong>aut</strong></span> <span class='ocrx_word' id='word_1_76' title='bbox 609 1380 679 1432; x_wconf 90' lang='lat' dir='ltr'><strong>quae</strong></span> <span class='ocrx_word' id='word_1_77' title='bbox 697 1363 780 1431; x_wconf 80' lang='lat' dir='ltr'><strong>digna</strong></span> <span class='ocrx_word' id='word_1_78' title='bbox 797 1364 865 1417; x_wconf 90' lang='lat' dir='ltr'><strong>satis</strong></span> <span class='ocrx_word' id='word_1_79' title='bbox 881 1364 991 1418; x_wconf 85' lang='lat' dir='ltr'><strong>fortuna</strong></span> <span class='ocrx_word' id='word_1_80' title='bbox 1008 1362 1104 1417; x_wconf 83' lang='lat' dir='ltr'><strong>revisit</strong></span> 
     </span>
     <span class='ocr_line' id='line_1_13' title="bbox 391 1439 1196 1507; baseline -0.002 -12"><span class='ocrx_word' id='word_1_81' title='bbox 391 1441 522 1495; x_wconf 84' lang='lat' dir='ltr'><strong>Hectoris</strong></span> <span class='ocrx_word' id='word_1_82' title='bbox 542 1440 771 1495; x_wconf 84' lang='lat' dir='ltr'><strong>Andromachenl</strong></span> <span class='ocrx_word' id='word_1_83' title='bbox 793 1439 916 1507; x_wconf 72' lang='lat' dir='ltr'><strong>Pyrrhin’</strong></span> <span class='ocrx_word' id='word_1_84' title='bbox 935 1439 1069 1494; x_wconf 87' lang='lat' dir='ltr'><strong>connubia</strong></span> <span class='ocrx_word' id='word_1_85' title='bbox 1086 1440 1196 1493; x_wconf 80' lang='lat' dir='ltr'><strong>servasi</strong></span> 
     </span>
     <span class='ocr_line' id='line_1_14' title="bbox 390 1516 1249 1571; baseline -0.002 0"><span class='ocrx_word' id='word_1_86' title='bbox 390 1516 500 1571; x_wconf 83' lang='lat' dir='ltr'><strong>Deiecit</strong></span> <span class='ocrx_word' id='word_1_87' title='bbox 517 1516 620 1571; x_wconf 82' lang='lat' dir='ltr'><strong>voltum</strong></span> <span class='ocrx_word' id='word_1_88' title='bbox 638 1519 668 1570; x_wconf 88' lang='lat' dir='ltr'><strong>et</strong></span> <span class='ocrx_word' id='word_1_89' title='bbox 686 1516 805 1571; x_wconf 85' lang='lat' dir='ltr'><strong>demissa</strong></span> <span class='ocrx_word' id='word_1_90' title='bbox 822 1533 889 1571; x_wconf 84' lang='lat' dir='ltr'><strong>voce</strong></span> <span class='ocrx_word' id='word_1_91' title='bbox 905 1516 997 1571; x_wconf 91' lang='lat' dir='ltr'><strong>locuta</strong></span> <span class='ocrx_word' id='word_1_92' title='bbox 1014 1520 1068 1571; x_wconf 88' lang='lat' dir='ltr'><strong>est:</strong></span> <span class='ocrx_word' id='word_1_93' title='bbox 1211 1529 1249 1569; x_wconf 80' lang='lat' dir='ltr'><strong>aas</strong></span> 
     </span>
     <span class='ocr_line' id='line_1_15' title="bbox 391 1591 995 1664; baseline -0.002 -17"><span class='ocrx_word' id='word_1_94' title='bbox 391 1591 417 1647; x_wconf 95' lang='grc'>0</span> <span class='ocrx_word' id='word_1_95' title='bbox 435 1592 501 1646; x_wconf 83' lang='lat' dir='ltr'><strong>felix</strong></span> <span class='ocrx_word' id='word_1_96' title='bbox 519 1595 655 1647; x_wconf 83' lang='lat' dir='ltr'><strong>anaante</strong></span> <span class='ocrx_word' id='word_1_97' title='bbox 673 1593 740 1646; x_wconf 85' lang='lat' dir='ltr'><strong>alias</strong></span> <span class='ocrx_word' id='word_1_98' title='bbox 758 1592 894 1664; x_wconf 82' lang='lat' dir='ltr'><strong>Priameia</strong></span> <span class='ocrx_word' id='word_1_99' title='bbox 911 1593 995 1661; x_wconf 85' lang='lat' dir='ltr'><strong>virgo,</strong></span> 
     </span>
     <span class='ocr_line' id='line_1_16' title="bbox 391 1667 1167 1724; baseline -0.003 -1"><span class='ocrx_word' id='word_1_100' title='bbox 391 1668 532 1723; x_wconf 84' lang='lat' dir='ltr'><strong>Hostilem</strong></span> <span class='ocrx_word' id='word_1_101' title='bbox 549 1668 586 1722; x_wconf 88' lang='lat' dir='ltr'><strong>ad</strong></span> <span class='ocrx_word' id='word_1_102' title='bbox 603 1669 739 1723; x_wconf 90' lang='lat' dir='ltr'><strong>tumulum</strong></span> <span class='ocrx_word' id='word_1_103' title='bbox 757 1668 854 1723; x_wconf 77' lang='lat' dir='ltr'><strong>Troiae</strong></span> <span class='ocrx_word' id='word_1_104' title='bbox 872 1670 923 1724; x_wconf 93' lang='lat' dir='ltr'><strong>sub</strong></span> <span class='ocrx_word' id='word_1_105' title='bbox 941 1669 1085 1723; x_wconf 87' lang='lat' dir='ltr'><strong>moenibus</strong></span> <span class='ocrx_word' id='word_1_106' title='bbox 1102 1667 1167 1722; x_wconf 87' lang='lat' dir='ltr'><strong>altis</strong></span> 
     </span>
     <span class='ocr_line' id='line_1_17' title="bbox 391 1743 1085 1814; baseline 0 -17"><span class='ocrx_word' id='word_1_107' title='bbox 391 1743 473 1798; x_wconf 86' lang='lat' dir='ltr'><strong>Iussa</strong></span> <span class='ocrx_word' id='word_1_108' title='bbox 489 1744 566 1811; x_wconf 87' lang='lat' dir='ltr'><strong>mori,</strong></span> <span class='ocrx_word' id='word_1_109' title='bbox 585 1760 655 1814; x_wconf 88' lang='lat' dir='ltr'><strong>quae</strong></span> <span class='ocrx_word' id='word_1_110' title='bbox 673 1745 787 1799; x_wconf 88' lang='lat' dir='ltr'><strong>sortitus</strong></span> <span class='ocrx_word' id='word_1_111' title='bbox 805 1761 859 1798; x_wconf 91' lang='lat' dir='ltr'><strong>non</strong></span> <span class='ocrx_word' id='word_1_112' title='bbox 876 1746 991 1813; x_wconf 80' lang='lat' dir='ltr'><strong>pertth</strong></span> <span class='ocrx_word' id='word_1_113' title='bbox 1008 1745 1085 1813; x_wconf 89' lang='lat' dir='ltr'><strong>ullos,</strong></span> 
     </span>
     <span class='ocr_line' id='line_1_18' title="bbox 390 1820 1014 1889; baseline 0 -14"><span class='ocrx_word' id='word_1_114' title='bbox 390 1820 418 1874; x_wconf 89' lang='lat' dir='ltr'>N</span> <span class='ocrx_word' id='word_1_115' title='bbox 420 1835 453 1875; x_wconf 85' lang='lat' dir='ltr'><strong>ee</strong></span> <span class='ocrx_word' id='word_1_116' title='bbox 469 1820 581 1874; x_wconf 84' lang='lat' dir='ltr'><strong>victoris</strong></span> <span class='ocrx_word' id='word_1_117' title='bbox 597 1820 657 1875; x_wconf 90' lang='lat' dir='ltr'><strong>heri</strong></span> <span class='ocrx_word' id='word_1_118' title='bbox 675 1821 769 1889; x_wconf 85' lang='lat' dir='ltr'><strong>tetigit</strong></span> <span class='ocrx_word' id='word_1_119' title='bbox 786 1821 894 1889; x_wconf 90' lang='lat' dir='ltr'><strong>captiva</strong></span> <span class='ocrx_word' id='word_1_120' title='bbox 911 1821 1014 1875; x_wconf 79' lang='lat' dir='ltr'><strong>cubile!</strong></span> 
     </span>
     <span class='ocr_line' id='line_1_19' title="bbox 390 1896 1248 1966; baseline 0 -17"><span class='ocrx_word' id='word_1_121' title='bbox 390 1896 458 1963; x_wconf 85' lang='lat' dir='ltr'><strong>Nos,</strong></span> <span class='ocrx_word' id='word_1_122' title='bbox 476 1896 567 1965; x_wconf 88' lang='lat' dir='ltr'><strong>patria</strong></span> <span class='ocrx_word' id='word_1_123' title='bbox 583 1897 693 1951; x_wconf 88' lang='lat' dir='ltr'><strong>incensa</strong></span> <span class='ocrx_word' id='word_1_124' title='bbox 711 1897 820 1950; x_wconf 78' lang='lat' dir='ltr'><strong>diversa</strong></span> <span class='ocrx_word' id='word_1_125' title='bbox 837 1913 888 1965; x_wconf 88' lang='lat' dir='ltr'><strong>per</strong></span> <span class='ocrx_word' id='word_1_126' title='bbox 904 1914 1025 1966; x_wconf 88' lang='lat' dir='ltr'><strong>aequora</strong></span> <span class='ocrx_word' id='word_1_127' title='bbox 1041 1899 1145 1963; x_wconf 76' lang='lat' dir='ltr'><strong>vectas,</strong></span> <span class='ocrx_word' id='word_1_128' title='bbox 1211 1909 1248 1949; x_wconf 76' lang='lat' dir='ltr'><strong>aas</strong></span> 
     </span>
     <span class='ocr_line' id='line_1_20' title="bbox 391 1972 1132 2042; baseline 0 -16"><span class='ocrx_word' id='word_1_129' title='bbox 391 1972 494 2041; x_wconf 82' lang='lat' dir='ltr'><strong>Stirpis</strong></span> <span class='ocrx_word' id='word_1_130' title='bbox 513 1972 655 2027; x_wconf 81' lang='lat' dir='ltr'><strong>Achilleae</strong></span> <span class='ocrx_word' id='word_1_131' title='bbox 671 1974 759 2028; x_wconf 86' lang='lat' dir='ltr'><strong>fastus</strong></span> <span class='ocrx_word' id='word_1_132' title='bbox 777 1973 959 2042; x_wconf 89' lang='lat' dir='ltr'><strong>iuvenemque</strong></span> <span class='ocrx_word' id='word_1_133' title='bbox 977 1972 1132 2042; x_wconf 88' lang='lat' dir='ltr'><strong>superbum,</strong></span> 
     </span>
     <span class='ocr_line' id='line_1_21' title="bbox 390 2048 1097 2119; baseline 0.003 -18"><span class='ocrx_word' id='word_1_134' title='bbox 390 2048 511 2102; x_wconf 86' lang='lat' dir='ltr'><strong>Servitio</strong></span> <span class='ocrx_word' id='word_1_135' title='bbox 528 2048 630 2114; x_wconf 87' lang='lat' dir='ltr'><strong>enixae,</strong></span> <span class='ocrx_word' id='word_1_136' title='bbox 648 2048 775 2116; x_wconf 88' lang='lat' dir='ltr'><strong>tulimus;</strong></span> <span class='ocrx_word' id='word_1_137' title='bbox 797 2050 845 2119; x_wconf 92' lang='lat' dir='ltr'><strong>qui</strong></span> <span class='ocrx_word' id='word_1_138' title='bbox 863 2049 969 2116; x_wconf 78' lang='lat' dir='ltr'><strong>deinde,</strong></span> <span class='ocrx_word' id='word_1_139' title='bbox 987 2053 1097 2104; x_wconf 88' lang='lat' dir='ltr'><strong>secutus</strong></span> 
     </span>
     <span class='ocr_line' id='line_1_22' title="bbox 391 2122 1211 2196; baseline 0.002 -19"><span class='ocrx_word' id='word_1_140' title='bbox 391 2122 531 2178; x_wconf 84' lang='lat' dir='ltr'><strong>Ledaeam</strong></span> <span class='ocrx_word' id='word_1_141' title='bbox 551 2125 720 2180; x_wconf 81' lang='lat' dir='ltr'><strong>Hermionen</strong></span> <span class='ocrx_word' id='word_1_142' title='bbox 740 2125 1025 2196; x_wconf 81' lang='lat' dir='ltr'><strong>Lacedaemoniosque</strong></span> <span class='ocrx_word' id='word_1_143' title='bbox 1043 2126 1211 2195; x_wconf 73' lang='lat' dir='ltr'><strong>hymenaeos</strong></span> 
     </span>
     <span class='ocr_line' id='line_1_23' title="bbox 391 2198 1245 2271; baseline 0.004 -19"><span class='ocrx_word' id='word_1_144' title='bbox 391 2198 440 2252; x_wconf 87' lang='lat' dir='ltr'><strong>Me</strong></span> <span class='ocrx_word' id='word_1_145' title='bbox 454 2199 556 2253; x_wconf 85' lang='lat' dir='ltr'><strong>famulo</strong></span> <span class='ocrx_word' id='word_1_146' title='bbox 567 2200 753 2271; x_wconf 87' lang='lat' dir='ltr'><strong>famulamque</strong></span> <span class='ocrx_word' id='word_1_147' title='bbox 766 2202 874 2257; x_wconf 89' lang='lat' dir='ltr'><strong>Heleno</strong></span> <span class='ocrx_word' id='word_1_148' title='bbox 885 2203 1038 2257; x_wconf 88' lang='lat' dir='ltr'><strong>transmisit</strong></span> <span class='ocrx_word' id='word_1_149' title='bbox 1049 2202 1211 2257; x_wconf 84' lang='lat' dir='ltr'><strong>habendam</strong></span> <span class='ocrx_word' id='word_1_150' title='bbox 1243 2259 1245 2264; x_wconf 68' lang='grc'>,</span> 
     </span>
     <span class='ocr_line' id='line_1_24' title="bbox 391 2274 1247 2345; baseline 0.006 -17"><span class='ocrx_word' id='word_1_151' title='bbox 391 2277 449 2329; x_wconf 88' lang='lat' dir='ltr'><strong>Ast</strong></span> <span class='ocrx_word' id='word_1_152' title='bbox 465 2274 550 2343; x_wconf 90' lang='lat' dir='ltr'><strong>illum,</strong></span> <span class='ocrx_word' id='word_1_153' title='bbox 569 2280 681 2345; x_wconf 78' lang='lat' dir='ltr'><strong>emptae</strong></span> <span class='ocrx_word' id='word_1_154' title='bbox 698 2294 797 2345; x_wconf 75' lang='lat' dir='ltr'><strong>magno</strong></span> <span class='ocrx_word' id='word_1_155' title='bbox 815 2278 998 2333; x_wconf 88' lang='lat' dir='ltr'><strong>inflammatus</strong></span> <span class='ocrx_word' id='word_1_156' title='bbox 1016 2296 1107 2333; x_wconf 88' lang='lat' dir='ltr'><strong>amore</strong></span> <span class='ocrx_word' id='word_1_157' title='bbox 1210 2291 1247 2332; x_wconf 70' lang='lat' dir='ltr'><strong>aaa</strong></span> 
     </span>
     <span class='ocr_line' id='line_1_25' title="bbox 391 2350 1104 2423; baseline 0.007 -20"><span class='ocrx_word' id='word_1_158' title='bbox 391 2350 522 2419; x_wconf 81' lang='lat' dir='ltr'><strong>Coniugis</strong></span> <span class='ocrx_word' id='word_1_159' title='bbox 539 2356 569 2407; x_wconf 88' lang='lat' dir='ltr'><strong>et</strong></span> <span class='ocrx_word' id='word_1_160' title='bbox 585 2352 717 2407; x_wconf 88' lang='lat' dir='ltr'><strong>scelerum</strong></span> <span class='ocrx_word' id='word_1_161' title='bbox 736 2353 828 2408; x_wconf 79' lang='lat' dir='ltr'><strong>Furiis</strong></span> <span class='ocrx_word' id='word_1_162' title='bbox 845 2355 973 2423; x_wconf 86' lang='lat' dir='ltr'><strong>agitatus,</strong></span> <span class='ocrx_word' id='word_1_163' title='bbox 991 2354 1104 2409; x_wconf 87' lang='lat' dir='ltr'><strong>Orestes</strong></span> 
     </span>
     <span class='ocr_line' id='line_1_26' title="bbox 391 2426 1138 2499; baseline 0.005 -20"><span class='ocrx_word' id='word_1_164' title='bbox 391 2426 502 2495; x_wconf 83' lang='lat' dir='ltr'><strong>Excipit</strong></span> <span class='ocrx_word' id='word_1_165' title='bbox 519 2428 658 2483; x_wconf 86' lang='lat' dir='ltr'><strong>incautum</strong></span> <span class='ocrx_word' id='word_1_166' title='bbox 676 2430 835 2499; x_wconf 86' lang='lat' dir='ltr'><strong>patriasque</strong></span> <span class='ocrx_word' id='word_1_167' title='bbox 852 2429 999 2483; x_wconf 89' lang='lat' dir='ltr'><strong>obtruncat</strong></span> <span class='ocrx_word' id='word_1_168' title='bbox 1016 2430 1052 2484; x_wconf 90' lang='lat' dir='ltr'><strong>ad</strong></span> <span class='ocrx_word' id='word_1_169' title='bbox 1070 2446 1138 2483; x_wconf 82' lang='lat' dir='ltr'><strong>aras</strong></span> 
     </span>
     <span class='ocr_line' id='line_1_27' title="bbox 391 2501 1074 2574; baseline 0.004 -19"><span class='ocrx_word' id='word_1_170' title='bbox 391 2501 485 2557; x_wconf 88' lang='lat' dir='ltr'><strong>Morte</strong></span> <span class='ocrx_word' id='word_1_171' title='bbox 503 2503 679 2573; x_wconf 86' lang='lat' dir='ltr'><strong>Neoptolemi</strong></span> <span class='ocrx_word' id='word_1_172' title='bbox 696 2522 843 2574; x_wconf 80' lang='lat' dir='ltr'><strong>regnorum</strong></span> <span class='ocrx_word' id='word_1_173' title='bbox 861 2504 973 2558; x_wconf 87' lang='lat' dir='ltr'><strong>reddita</strong></span> <span class='ocrx_word' id='word_1_174' title='bbox 991 2506 1074 2559; x_wconf 91' lang='lat' dir='ltr'><strong>cessit</strong></span> 
     </span>
     <span class='ocr_line' id='line_1_28' title="bbox 391 2577 1114 2650; baseline 0.007 -20"><span class='ocrx_word' id='word_1_175' title='bbox 391 2577 461 2631; x_wconf 89' lang='lat' dir='ltr'><strong>Pars</strong></span> <span class='ocrx_word' id='word_1_176' title='bbox 479 2579 594 2648; x_wconf 90' lang='lat' dir='ltr'><strong>Helene,</strong></span> <span class='ocrx_word' id='word_1_177' title='bbox 612 2581 658 2650; x_wconf 93' lang='lat' dir='ltr'><strong>qui</strong></span> <span class='ocrx_word' id='word_1_178' title='bbox 677 2581 810 2644; x_wconf 82' lang='lat' dir='ltr'><strong>(lhaonios</strong></span> <span class='ocrx_word' id='word_1_179' title='bbox 828 2582 987 2649; x_wconf 78' lang='lat' dir='ltr'><strong>cognomine</strong></span> <span class='ocrx_word' id='word_1_180' title='bbox 1004 2598 1114 2650; x_wconf 88' lang='lat' dir='ltr'><strong>campos</strong></span> 
     </span>
     <span class='ocr_line' id='line_1_29' title="bbox 390 2654 1246 2725; baseline 0.007 -18"><span class='ocrx_word' id='word_1_181' title='bbox 390 2654 595 2725; x_wconf 79' lang='lat' dir='ltr'><strong>Chaoniamque</strong></span> <span class='ocrx_word' id='word_1_182' title='bbox 613 2673 720 2712; x_wconf 91' lang='lat' dir='ltr'><strong>omnem</strong></span> <span class='ocrx_word' id='word_1_183' title='bbox 738 2658 855 2713; x_wconf 77' lang='lat' dir='ltr'><strong>&#39;l&#39;roiano</strong></span> <span class='ocrx_word' id='word_1_184' title='bbox 873 2674 890 2711; x_wconf 87' lang='lat' dir='ltr'><strong>a</strong></span> <span class='ocrx_word' id='word_1_185' title='bbox 908 2657 1018 2712; x_wconf 84' lang='lat' dir='ltr'><strong>(lhaone</strong></span> <span class='ocrx_word' id='word_1_186' title='bbox 1035 2658 1114 2725; x_wconf 86' lang='lat' dir='ltr'><strong>dixit,</strong></span> <span class='ocrx_word' id='word_1_187' title='bbox 1209 2673 1246 2713; x_wconf 73' lang='lat' dir='ltr'><strong>aas</strong></span> 
     </span>
     <span class='ocr_line' id='line_1_30' title="bbox 391 2730 1184 2804; baseline 0.009 -21"><span class='ocrx_word' id='word_1_188' title='bbox 391 2730 582 2801; x_wconf 81' lang='lat' dir='ltr'><strong>Pergamaque</strong></span> <span class='ocrx_word' id='word_1_189' title='bbox 600 2732 767 2804; x_wconf 86' lang='lat' dir='ltr'><strong>Iliacamque</strong></span> <span class='ocrx_word' id='word_1_190' title='bbox 785 2735 856 2803; x_wconf 82' lang='lat' dir='ltr'><strong>iugis</strong></span> <span class='ocrx_word' id='word_1_191' title='bbox 873 2735 943 2789; x_wconf 89' lang='lat' dir='ltr'><strong>hanc</strong></span> <span class='ocrx_word' id='word_1_192' title='bbox 960 2735 1069 2790; x_wconf 89' lang='lat' dir='ltr'><strong>addidit</strong></span> <span class='ocrx_word' id='word_1_193' title='bbox 1086 2750 1184 2790; x_wconf 89' lang='lat' dir='ltr'><strong>arcem.</strong></span> 
     </span>
     <span class='ocr_line' id='line_1_31' title="bbox 390 2805 1111 2882; baseline 0.01 -23"><span class='ocrx_word' id='word_1_194' title='bbox 390 2805 447 2860; x_wconf 85' lang='lat' dir='ltr'><strong>Sed</strong></span> <span class='ocrx_word' id='word_1_195' title='bbox 465 2806 517 2860; x_wconf 93' lang='lat' dir='ltr'><strong>tibi</strong></span> <span class='ocrx_word' id='word_1_196' title='bbox 536 2809 584 2877; x_wconf 89' lang='lat' dir='ltr'><strong>qui</strong></span> <span class='ocrx_word' id='word_1_197' title='bbox 601 2826 710 2864; x_wconf 89' lang='lat' dir='ltr'><strong>cursum</strong></span> <span class='ocrx_word' id='word_1_198' title='bbox 728 2813 811 2879; x_wconf 87' lang='lat' dir='ltr'><strong>venti,</strong></span> <span class='ocrx_word' id='word_1_199' title='bbox 830 2828 901 2882; x_wconf 85' lang='lat' dir='ltr'><strong>quac</strong></span> <span class='ocrx_word' id='word_1_200' title='bbox 918 2812 976 2867; x_wconf 88' lang='lat' dir='ltr'><strong>iata</strong></span> <span class='ocrx_word' id='word_1_201' title='bbox 994 2812 1111 2867; x_wconf 80' lang='lat' dir='ltr'><strong>dederet</strong></span> 
     </span>
     <span class='ocr_line' id='line_1_32' title="bbox 391 2882 1159 2957; baseline 0.009 -23"><span class='ocrx_word' id='word_1_202' title='bbox 391 2883 451 2935; x_wconf 85' lang='lat' dir='ltr'><strong>Aut</strong></span> <span class='ocrx_word' id='word_1_203' title='bbox 470 2882 594 2950; x_wconf 91' lang='lat' dir='ltr'><strong>quisnam</strong></span> <span class='ocrx_word' id='word_1_204' title='bbox 611 2886 738 2953; x_wconf 85' lang='lat' dir='ltr'><strong>ignarum</strong></span> <span class='ocrx_word' id='word_1_205' title='bbox 755 2888 857 2942; x_wconf 88' lang='lat' dir='ltr'><strong>uostris</strong></span> <span class='ocrx_word' id='word_1_206' title='bbox 875 2886 945 2941; x_wconf 90' lang='lat' dir='ltr'><strong>deus</strong></span> <span class='ocrx_word' id='word_1_207' title='bbox 962 2887 1070 2957; x_wconf 85' lang='lat' dir='ltr'><strong>adpulit</strong></span> <span class='ocrx_word' id='word_1_208' title='bbox 1087 2887 1159 2941; x_wconf 73' lang='lat' dir='ltr'><strong>orior</strong></span> 
     </span>
    </p>
   </div>
   <div class='ocr_carea' id='block_1_2' title="bbox 390 2957 1246 3100">
    <p class='ocr_par' dir='ltr' id='par_1_2' title="bbox 390 2957 1246 3100">
     <span class='ocr_line' id='line_1_33' title="bbox 390 2957 1166 3032; baseline 0.005 -21"><span class='ocrx_word' id='word_1_209' title='bbox 390 2957 465 3021; x_wconf 84' lang='lat' dir='ltr'><strong>Quid</strong></span> <span class='ocrx_word' id='word_1_210' title='bbox 482 2975 552 3026; x_wconf 87' lang='lat' dir='ltr'><strong>puer</strong></span> <span class='ocrx_word' id='word_1_211' title='bbox 570 2962 722 3015; x_wconf 84' lang='lat' dir='ltr'><strong>Ascanius&#39;l</strong></span> <span class='ocrx_word' id='word_1_212' title='bbox 743 2967 892 3032; x_wconf 87' lang='lat' dir='ltr'><strong>superatne</strong></span> <span class='ocrx_word' id='word_1_213' title='bbox 909 2967 939 3017; x_wconf 89' lang='lat' dir='ltr'><strong>et</strong></span> <span class='ocrx_word' id='word_1_214' title='bbox 956 2964 1076 3018; x_wconf 85' lang='lat' dir='ltr'><strong>vescitur</strong></span> <span class='ocrx_word' id='word_1_215' title='bbox 1093 2979 1166 3029; x_wconf 75' lang='lat' dir='ltr'><strong>aura,</strong></span> 
     </span>
     <span class='ocr_line' id='line_1_34' title="bbox 390 3034 1246 3100; baseline 0.006 -13"><span class='ocrx_word' id='word_1_216' title='bbox 390 3034 481 3100; x_wconf 87' lang='lat' dir='ltr'><strong>Quem</strong></span> <span class='ocrx_word' id='word_1_217' title='bbox 497 3034 550 3089; x_wconf 90' lang='lat' dir='ltr'><strong>tibi</strong></span> <span class='ocrx_word' id='word_1_218' title='bbox 568 3036 622 3089; x_wconf 85' lang='lat' dir='ltr'><strong>iam</strong></span> <span class='ocrx_word' id='word_1_219' title='bbox 641 3038 756 3092; x_wconf 81' lang='lat' dir='ltr'><strong>Troia—</strong></span> <span class='ocrx_word' id='word_1_220' title='bbox 1209 3052 1246 3091; x_wconf 75' lang='lat' dir='ltr'><strong>aas</strong></span> 
     </span>
    </p>
   </div>
   <div class='ocr_carea' id='block_1_3' title="bbox 377 3109 1260 3565">
    <p class='ocr_par' dir='ltr' id='par_1_3' title="bbox 389 3109 1133 3259">
     <span class='ocr_line' id='line_1_35' title="bbox 389 3109 1133 3184; baseline 0.007 -22"><span class='ocrx_word' id='word_1_221' title='bbox 389 3109 487 3179; x_wconf 83' lang='lat' dir='ltr'><strong>Ecqua</strong></span> <span class='ocrx_word' id='word_1_222' title='bbox 503 3115 597 3166; x_wconf 72' lang='lat' dir='ltr'><strong>minen</strong></span> <span class='ocrx_word' id='word_1_223' title='bbox 614 3130 700 3181; x_wconf 89' lang='lat' dir='ltr'><strong>puero</strong></span> <span class='ocrx_word' id='word_1_224' title='bbox 718 3119 762 3169; x_wconf 90' lang='lat' dir='ltr'><strong>est</strong></span> <span class='ocrx_word' id='word_1_225' title='bbox 778 3116 895 3170; x_wconf 77' lang='lat' dir='ltr'><strong>annesae</strong></span> <span class='ocrx_word' id='word_1_226' title='bbox 911 3133 978 3170; x_wconf 85' lang='lat' dir='ltr'><strong>cura</strong></span> <span class='ocrx_word' id='word_1_227' title='bbox 994 3113 1133 3184; x_wconf 80' lang='lat' dir='ltr'><strong>parentis?</strong></span> 
     </span>
     <span class='ocr_line' id='line_1_36' title="bbox 389 3185 1132 3259; baseline 0.004 -21"><span class='ocrx_word' id='word_1_228' title='bbox 389 3185 499 3255; x_wconf 82' lang='lat' dir='ltr'><strong>Ecquid</strong></span> <span class='ocrx_word' id='word_1_229' title='bbox 517 3187 544 3240; x_wconf 93' lang='lat' dir='ltr'><strong>in</strong></span> <span class='ocrx_word' id='word_1_230' title='bbox 562 3189 704 3257; x_wconf 87' lang='lat' dir='ltr'><strong>antiquum</strong></span> <span class='ocrx_word' id='word_1_231' title='bbox 723 3191 853 3246; x_wconf 84' lang='lat' dir='ltr'><strong>virtutem</strong></span> <span class='ocrx_word' id='word_1_232' title='bbox 871 3192 1029 3259; x_wconf 89' lang='lat' dir='ltr'><strong>animosque</strong></span> <span class='ocrx_word' id='word_1_233' title='bbox 1047 3189 1132 3242; x_wconf 86' lang='lat' dir='ltr'><strong>virilis</strong></span> 
     </span>
    </p>

    <p class='ocr_par' dir='ltr' id='par_1_4' title="bbox 389 3261 1127 3330">
     <span class='ocr_line' id='line_1_37' title="bbox 389 3261 1127 3330; baseline 0.005 -16"><span class='ocrx_word' id='word_1_234' title='bbox 389 3261 428 3315; x_wconf 90' lang='lat' dir='ltr'><strong>Et</strong></span> <span class='ocrx_word' id='word_1_235' title='bbox 445 3265 526 3330; x_wconf 89' lang='lat' dir='ltr'><strong>pater</strong></span> <span class='ocrx_word' id='word_1_236' title='bbox 544 3266 654 3318; x_wconf 86' lang='lat' dir='ltr'><strong>Aeneas</strong></span> <span class='ocrx_word' id='word_1_237' title='bbox 672 3269 701 3320; x_wconf 89' lang='lat' dir='ltr'><strong>et</strong></span> <span class='ocrx_word' id='word_1_238' title='bbox 718 3267 866 3321; x_wconf 82' lang='lat' dir='ltr'><strong>avimculus</strong></span> <span class='ocrx_word' id='word_1_239' title='bbox 884 3268 987 3321; x_wconf 88' lang='lat' dir='ltr'><strong>excitat</strong></span> <span class='ocrx_word' id='word_1_240' title='bbox 1006 3267 1127 3319; x_wconf 79' lang='lat' dir='ltr'><strong>Hectori</strong></span> 
     </span>
    </p>

    <p class='ocr_par' dir='ltr' id='par_1_5' title="bbox 388 3335 1053 3411">
     <span class='ocr_line' id='line_1_38' title="bbox 388 3335 1053 3411; baseline 0.008 -21"><span class='ocrx_word' id='word_1_241' title='bbox 388 3335 467 3391; x_wconf 72' lang='lat' dir='ltr'><strong>&#39;l‘alia</strong></span> <span class='ocrx_word' id='word_1_242' title='bbox 483 3337 619 3394; x_wconf 86' lang='lat' dir='ltr'><strong>fundebat</strong></span> <span class='ocrx_word' id='word_1_243' title='bbox 636 3340 780 3396; x_wconf 85' lang='lat' dir='ltr'><strong>lacrimans</strong></span> <span class='ocrx_word' id='word_1_244' title='bbox 796 3343 946 3411; x_wconf 83' lang='lat' dir='ltr'><strong>longosque</strong></span> <span class='ocrx_word' id='word_1_245' title='bbox 963 3342 1053 3396; x_wconf 88' lang='lat' dir='ltr'><strong>ciebat</strong></span> 
     </span>
    </p>

    <p class='ocr_par' dir='ltr' id='par_1_6' title="bbox 377 3411 1260 3565">
     <span class='ocr_line' id='line_1_39' title="bbox 388 3411 1260 3484; baseline 0.01 -19"><span class='ocrx_word' id='word_1_246' title='bbox 388 3411 531 3466; x_wconf 87' lang='lat' dir='ltr'><strong>Incassum</strong></span> <span class='ocrx_word' id='word_1_247' title='bbox 548 3414 637 3484; x_wconf 77' lang='lat' dir='ltr'><strong>fletus,</strong></span> <span class='ocrx_word' id='word_1_248' title='bbox 655 3433 716 3472; x_wconf 90' lang='lat' dir='ltr'><strong>cum</strong></span> <span class='ocrx_word' id='word_1_249' title='bbox 735 3434 797 3474; x_wconf 88' lang='lat' dir='ltr'><strong>sese</strong></span> <span class='ocrx_word' id='word_1_250' title='bbox 814 3435 832 3473; x_wconf 87' lang='lat' dir='ltr'><strong>a</strong></span> <span class='ocrx_word' id='word_1_251' title='bbox 848 3418 995 3475; x_wconf 87' lang='lat' dir='ltr'><strong>moenibus</strong></span> <span class='ocrx_word' id='word_1_252' title='bbox 1008 3417 1098 3474; x_wconf 84' lang='lat' dir='ltr'><strong>heros</strong></span> <span class='ocrx_word' id='word_1_253' title='bbox 1216 3430 1260 3468; x_wconf 64' lang='lat' dir='ltr'><strong>au</strong></span> 
     </span>
     <span class='ocr_line' id='line_1_40' title="bbox 377 3485 1164 3565; baseline 0.02 -31"><span class='ocrx_word' id='word_1_254' title='bbox 377 3485 533 3539; x_wconf 77' lang='lat' dir='ltr'><strong>Priamides</strong></span> <span class='ocrx_word' id='word_1_255' title='bbox 549 3490 647 3546; x_wconf 90' lang='lat' dir='ltr'><strong>multis</strong></span> <span class='ocrx_word' id='word_1_256' title='bbox 663 3493 796 3553; x_wconf 90' lang='lat' dir='ltr'><strong>Helenus</strong></span> <span class='ocrx_word' id='word_1_257' title='bbox 814 3498 1025 3556; x_wconf 83' lang='lat' dir='ltr'><strong>comitantibus</strong></span> <span class='ocrx_word' id='word_1_258' title='bbox 1040 3496 1164 3565; x_wconf 56' lang='lat' dir='ltr'><strong>adium·</strong></span> 
     </span>
    </p>
   </div>
   <div class='ocr_carea' id='block_1_4' title="bbox 362 3554 1163 3676">
    <p class='ocr_par' dir='ltr' id='par_1_7' title="bbox 362 3554 1163 3676">
     <span class='ocr_line' id='line_1_41' title="bbox 362 3554 1163 3676; baseline 0.039 -65"><span class='ocrx_word' id='word_1_259' title='bbox 362 3554 583 3676; x_wconf 67' lang='lat' dir='ltr'><strong>Adrqqscitquc</strong></span> <span class='ocrx_word' id='word_1_260' title='bbox 599 3582 676 3636; x_wconf 87' lang='lat' dir='ltr'><strong>suos,</strong></span> <span class='ocrx_word' id='word_1_261' title='bbox 695 3571 859 3648; x_wconf 87' lang='lat' dir='ltr'><strong>laetusque</strong></span> <span class='ocrx_word' id='word_1_262' title='bbox 879 3579 921 3636; x_wconf 85' lang='lat' dir='ltr'><strong>ad</strong></span> <span class='ocrx_word' id='word_1_263' title='bbox 936 3579 1048 3636; x_wconf 85' lang='lat' dir='ltr'><strong>limina</strong></span> <span class='ocrx_word' id='word_1_264' title='bbox 1063 3574 1163 3641; x_wconf 65' lang='lat' dir='ltr'><strong>ducit,</strong></span> 
     </span>
    </p>
   </div>
   <div class='ocr_carea' id='block_1_5' title="bbox 0 0 1626 4159">
    <p class='ocr_par' dir='ltr' id='par_1_8' title="bbox 0 0 1626 4159">
     <span class='ocr_line' id='line_1_42' title="bbox 0 0 1626 4159; baseline 0 0"><span class='ocrx_word' id='word_1_265' title='bbox 0 0 1626 4159; x_wconf 95' lang='lat' dir='ltr'><strong> </strong></span> 
     </span>
    </p>
   </div>
  </div>
 </body>
</html>
