3242 4159
647 516 833 567 AENEIDOS
851 517 922 567 LIB.
939 516 975 565 Vr
1191 516 1239 567 161

378 601 483 667 Quove
498 598 594 668 magis
604 597 691 653 fessas
709 601 802 668 optem
820 598 967 672 demittere
983 595 1069 669 navis,

379 678 477 742 Quam
494 693 565 746 quae
582 675 752 729 Dardanium
770 675 853 729 tellus
869 674 935 727 mihi
953 678 1045 729 servat
1062 672 1191 744 Acesten,
1218 687 1242 729 sc

381 754 425 807 Et
443 754 531 822 patris
545 752 688 806 Anchisae
705 752 810 819 gremio
828 750 1010 819 conplectitur
1027 752 1104 806 osset

383 831 467 884 Haec
483 828 531 901 nbi
548 828 630 895 diota,
647 832 747 897 petunt
765 831 868 896 portus,
886 831 915 882 et
932 828 993 881 vela
1009 829 1121 884 secundi

382 905 543 961 Intendunt
561 904 692 973 Zephyri3
709 905 798 958 sertin
815 904 871 958 cita
887 904 996 973 gurgite
1014 906 1116 975 classis,

381 983 425 1036 Et
442 981 639 1036 tandemtaeti
656 984 737 1034 notae
755 981 937 1034 advertuntur
955 997 1061 1037 arenae.

424 1062 466 1113 At
483 1058 577 1129 procul
595 1057 702 1111 excelso
720 1056 835 1111 miratus
852 1059 955 1111 vertice
972 1059 1073 1112 montis
1220 1068 1245 1108 ss

383 1136 549 1190 Adventum
566 1133 707 1201 sociasque
725 1136 798 1187 rates
816 1134 934 1188 occurrit
953 1137 1078 1202 Acestes,

383 1210 527 1265 Horridus
544 1210 574 1264 in
590 1210 683 1263 iaculis
700 1212 730 1263 et
747 1210 820 1277 pelle
838 1210 988 1278 Libystidis
1004 1227 1093 1279 ursae,

380 1287 470 1341 Troia
488 1286 602 1340 Crimiso
620 1289 780 1354 conceptum
797 1286 909 1339 flumine
926 1289 1015 1341 mater

382 1364 477 1427 Quem
494 1362 595 1429 genuit
632 1361 767 1415 Veterum
785 1378 839 1415 non
856 1363 989 1416 inmemor
1005 1363 1053 1419 ille
1069 1366 1215 1434 parentum

381 1441 524 1495 Gratatur
539 1438 655 1492 reduces
672 1443 701 1492 et
718 1455 786 1505 gaza
803 1439 891 1493 laetus
909 1441 1011 1508 agresti
1217 1453 1242 1493 ro

383 1516 506 1583 Excipit,
523 1532 554 1567 ac
571 1514 657 1569 fessos
675 1515 771 1583 opibus
789 1516 893 1569 solatur
909 1516 1009 1571 amicis

424 1592 539 1647 Postera
556 1608 618 1645 curn
636 1591 723 1659 primo
741 1592 835 1645 stelles
854 1592 967 1647 Oriente
983 1593 1093 1661 iugarat

383 1668 472 1722 Clara
488 1668 556 1735 dies,
575 1668 661 1721 socios
679 1667 707 1719 iu
725 1672 834 1721 coetum
852 1668 933 1721 litore
951 1669 986 1722 ab
1004 1668 1077 1722 omni

385 1744 516 1798 Advocat
535 1747 651 1810 Aeneas,
670 1744 823 1811 tumulique
841 1760 875 1796 ex
893 1761 993 1811 aggere
1010 1745 1097 1797 fatur:

384 1819 565 1874 Dardanidae
582 1820 681 1888 magni,
699 1836 785 1888 genus
803 1820 860 1873 alto
878 1835 895 1875 a
912 1820 1043 1887 sanguine
1061 1819 1161 1887 divom,
1217 1832 1242 1873 45

385 1897 506 1951 Annuus
525 1896 628 1950 exactis
645 1896 788 1964 conpletur
804 1894 944 1949 mensibus
962 1895 1043 1964 orbis,

385 1973 431 2026 Ex
450 1989 504 2041 quo
521 1972 651 2041 reliquias
671 1972 813 2040 divinique
831 1988 892 2025 ossa
909 1972 1032 2040 parentis

383 2048 569 2102 Condidimus
586 2052 662 2101 terra
679 2051 853 2116 maestasque
872 2049 1038 2103 sacravimus
1056 2065 1125 2105 aras

387 2125 505 2194 lamque
523 2125 589 2192 dies,
607 2124 659 2177 nisi
677 2123 763 2191 fallor,
780 2124 867 2191 adest,
884 2142 965 2193 quem
981 2142 1090 2196 semper
1105 2124 1243 2190 acerbum,

384 2202 504 2271 Semper
520 2201 758 2256 honoratum—sic
776 2200 804 2253 di
823 2202 1098 2256 voluistis-habebo.
1217 2213 1243 2253 cc

387 2278 471 2332 Hunc
489 2294 539 2346 ego
558 2277 809 2345 Gaetulisagcrem
828 2277 851 2330 si
869 2277 994 2345 Syrtibus
1012 2278 1097 2347 exsul

388 2354 552 2421 Argolicove
569 2352 638 2406 mari
656 2354 807 2423 deprensus
825 2357 854 2407 et
872 2353 940 2407 urbe
958 2354 1096 2421 Mycenae,

388 2432 491 2484 Annua
507 2435 571 2483 vota
588 2432 681 2484 tamon
699 2429 892 2496 sollemnisque
909 2429 1005 2481 ordine
1022 2443 1135 2497 pompas

387 2506 570 2574 Exsequerer,
588 2510 778 2574 strueremque
796 2506 852 2559 suis
869 2505 967 2558 altaria
985 2504 1071 2557 donis.

388 2582 469 2656 Nunc
487 2582 560 2636 ultro
577 2582 614 2635 ad
632 2584 737 2636 cineres
755 2583 841 2651 ipsius
859 2586 888 2635 et
905 2598 966 2635 ossa
983 2580 1112 2650 parentis,
1219 2593 1244 2632 ss

389 2658 475 2713 Haud
493 2658 620 2726 equidem
639 2660 696 2712 sine
714 2662 806 2713 mente
825 2676 894 2725 reor,
913 2659 971 2712 sine
988 2656 1098 2712 numine
1115 2654 1214 2723 divom,

388 2735 531 2788 Adsumus
549 2739 577 2789 et
595 2739 692 2803 portus
710 2735 795 2789 delati
813 2736 947 2788 intramus
964 2734 1072 2789 amicos.

388 2812 464 2878 llrgo
482 2811 565 2880 agite,
584 2815 613 2866 et
630 2812 733 2865 laetum
751 2813 842 2865 cuncti
861 2812 1030 2866 celebremus
1047 2812 1193 2873 honorem;

387 2886 537 2941 l‘oscamus
554 2891 658 2956 ventos,
676 2892 759 2957 atque
778 2888 845 2942 haec
863 2906 907 2941 me
925 2904 1002 2942 sacra
1020 2890 1087 2955 quot
1105 2885 1181 2939 annis

386 2965 466 3020 Urbe
484 2966 550 3020 velit
568 2967 657 3035 posita
675 2965 786 3033 templis
804 2964 856 3018 sibi
874 2966 948 3018 ferre
967 2963 1070 3016 dicatis.
1221 2973 1246 3011 oo

387 3042 459 3096 Bina
476 3042 559 3097 boum
578 3043 654 3096 vobis
673 3042 754 3094 Troia
771 3043 918 3109 generatus
938 3039 1055 3092 Acestes

387 3118 445 3171 Dat
463 3134 576 3172 numero
593 3119 683 3186 capita
700 3118 729 3171 in
746 3117 839 3181 navis3
857 3116 987 3169 adhibete
1006 3111 1117 3166 Penatis

387 3193 427 3248 lit
443 3194 548 3263 patrios
566 3194 653 3263 epulis
671 3197 700 3247 et
718 3209 786 3262 quos
804 3192 869 3245 colit
888 3192 986 3259 hospes
1007 3190 1129 3242 Acestes.

388 3271 545 3339 Praeterea,
564 3272 586 3323 si
604 3267 675 3323 nona
693 3269 766 3322 diem
784 3266 945 3321 mortalibus
962 3265 1064 3319 almum

388 3349 500 3402 Aurora
517 3347 648 3400 extrrlorit
666 3345 803 3414 radiisque
822 3342 956 3397 retexerit
973 3340 1077 3406 orbem,
1222 3348 1247 3388 65

388 3424 480 3476 Prima
498 3424 569 3476 citae
588 3422 698 3476 Teucris
714 3438 817 3492 ponam
834 3418 987 3475 certamina
1003 3414 1115 3481 elassis,

376 3496 487 3559 Quique
500 3497 606 3560 pedum
626 3515 711 3553 cursu
731 3500 818 3571 valet,
838 3504 871 3556 et
888 3499 941 3573 qui
956 3496 1067 3555 viribus
1083 3490 1185 3546 subt-X

361 3567 425 3615 Ant
439 3568 534 3621 iaculo
551 3572 661 3627 incedit
680 3579 790 3637 melior
807 3581 989 3655 levibusque
1007 3570 1141 3649 Stt'ffib

1262 3545 1274 3629 t
