3242 4159
395 573 400 578 ,
643 519 829 569 AENEIDOS
848 519 918 569 LIB.
940 520 979 569 II.
1193 520 1238 566 119

379 598 480 665 Arma,
496 596 556 666 viri,
573 597 647 652 ferte
664 615 754 663 auma3
773 601 853 653 vocat
869 599 917 652 lux
934 599 1033 654 ultima
1050 600 1142 655 victos.

380 673 507 729 Reddite
523 690 568 728 me
586 673 702 739 Danais;
722 675 802 728 sinite
817 675 971 729 instaurata
988 676 1105 730 revisam
1207 708 1209 711 -

380 748 499 804 Proelia.
534 750 691 818 Numquam
709 767 802 804 omues
820 750 901 805 hodie
917 753 1066 805 moriemur
1082 752 1170 806 inulti.
1204 764 1241 806 670

419 825 493 879 Hinc
510 826 585 879 ferro
604 827 730 893 accingor
747 844 842 881 rursus
860 828 1002 897 clipeoque
1020 829 1157 883 sinistram

383 902 559 957 Insertabam
577 905 675 971 aptans
692 918 791 970 meque
808 907 889 956 extra
905 906 980 957 tecta
996 903 1125 957 ferebam.

367 979 456 1046 ‚ane
473 981 566 1032 autem
586 977 718 1046 conplexa
735 978 821 1047 pedes
838 979 874 1031 in·
884 979 976 1033 limine
994 982 1110 1033 coniunx

383 1053 535 1121 Haerebat,
553 1069 722 1123 parvumque
739 1054 813 1120 patri
830 1053 964 1108 tendebat
983 1056 1087 1111 lulum:

384 1132 413 1185 si
431 1130 571 1199 periturus
589 1129 655 1197 abis,
674 1132 703 1183 et
720 1145 770 1183 nos
787 1146 854 1198 rape
871 1130 900 1183 in
918 1132 1008 1185 omnia
1025 1136 1132 1197 tecum;
1204 1144 1240 1186 oto

384 1208 432 1261 Sin
450 1207 569 1275 aliquam
588 1208 719 1274 expertus
737 1206 853 1274 sumptis
870 1223 947 1275 spem
964 1208 1042 1275 ponis
1058 1208 1087 1260 in
1105 1208 1194 1274 armis,

385 1283 467 1337 Hanc
484 1283 602 1352 primum
620 1285 713 1336 tutare
732 1281 850 1334 domum.
887 1282 937 1336 Oui
954 1299 1054 1351 parvus
1073 1281 1158 1349 iulus,

385 1360 437 1415 Oui
455 1363 536 1429 pater
553 1361 583 1412 et
601 1358 717 1412 coniunx
735 1357 874 1425 quondam
892 1361 941 1411 tua
959 1357 1034 1412 dicta
1050 1358 1206 1427 relinquorl

420 1435 496 1489 Talia
514 1435 665 1488 vociferans
683 1433 789 1500 gemitu
807 1436 912 1487 tectum
931 1451 1012 1488 omne
1029 1433 1161 1503 replebat,

385 1512 455 1567 Cum
474 1510 594 1564 subitum
613 1509 744 1577 dictuque
762 1509 850 1562 oritur
867 1510 990 1564 mirabile
1008 1514 1167 1564 monstrum.
1204 1525 1241 1565 seo

385 1588 512 1656 Namque
529 1602 625 1639 manus
642 1585 716 1638 inter
733 1588 956 1654 maestorumque
973 1603 1022 1640 ora
1038 1590 1184 1655 parentum

386 1665 457 1718 Eece
473 1662 543 1727 levis
560 1678 665 1715 summo
684 1660 719 1713 de
738 1662 840 1714 vertice
859 1662 932 1715 visus
951 1664 1005 1716 Iuli

386 1740 515 1795 Fundere
532 1739 624 1792 lumen
642 1754 719 1805 apex,
737 1741 869 1806 tactuque
887 1739 997 1792 innoxia
1014 1738 1103 1791 mollis

386 1816 521 1870 Lambere
539 1815 648 1868 flamma
666 1830 756 1867 eonius
774 1817 803 1867 et
821 1814 922 1867 circum
940 1818 1064 1883 tempora
1081 1813 1163 1882 pasci.

385 1893 412 1946 N
414 1908 445 1945 os
462 1883 555 1961 pavidi
572 1889 712 1959 trepidare
730 1892 814 1957 metu,
824 1890 981 1959 crinemque
998 1890 1160 1958 flagrantem
1204 1904 1241 1944 esa

386 1969 525 2024 Excutere
543 1970 572 2021 et
590 1968 699 2019 sanctos
716 1965 887 2032 restinguere
903 1966 1025 2020 fontibus
1042 1965 1121 2033 ignis.

388 2045 429 2098 At
445 2047 526 2113 pater
544 2042 680 2096 Anchises
698 2040 789 2093 oculos
807 2041 844 2093 ad
862 2042 952 2095 sidera
969 2043 1058 2097 laetus

386 2119 503 2187 Extulit,
521 2122 551 2173 et
567 2117 642 2171 eaelo
660 2115 766 2183 palmas
783 2131 845 2169 eum
862 2134 928 2171 voce
945 2118 1081 2173 tetendit:

388 2195 515 2265 Iuppiter
532 2194 710 2260 omnipotens,
729 2191 856 2261 precibus
871 2195 897 2247 si
915 2194 1034 2249 flecteris
1051 2194 1122 2263 ullis,

388 2272 490 2339 Aspice
507 2287 571 2336 nos;
590 2270 642 2325 hoc
659 2274 782 2336 tantum3
800 2272 837 2337 et,
855 2270 878 2322 si
895 2270 1000 2339 pietate
1017 2286 1161 2335 meremur,
1206 2282 1243 2324 sao

387 2345 432 2401 Da
448 2347 549 2401 deinde
567 2347 703 2415 auxilium,
721 2350 808 2415 pater,
827 2348 911 2413 atque
929 2346 997 2399 haec
1014 2347 1103 2399 omina
1120 2346 1206 2398 firma

388 2422 448 2476 Vix*
461 2439 494 2477 ea
510 2425 584 2479 fatus
602 2428 663 2479 erat
680 2424 778 2490 senior,
797 2423 943 2490 subitoque
961 2422 1070 2489 fragore

388 2495 515 2553 Intonuit
531 2500 646 2569 laevum,
665 2505 694 2556 et
712 2501 747 2555 de
765 2502 840 2554 caelo
857 2499 935 2568 lapsa
951 2513 1002 2566 per
1018 2496 1130 2551 umbras

388 2574 475 2629 Stella
491 2577 578 2631 facem
597 2578 699 2632 ducens
716 2577 802 2631 multa
820 2591 881 2630 cum
900 2574 959 2627 luce
977 2572 1104 2627 cucurrit.

388 2651 479 2719 Illam,
497 2651 602 2707 summa
620 2670 703 2723 super
720 2653 859 2707 labentem
877 2650 994 2704 culmina
1011 2649 1086 2717 teeti,
1206 2660 1243 2698 aas

341 2735 345 2739 ’
389 2727 533 2782 Cernimus
553 2730 639 2784 idaea
657 2731 757 2784 claram
777 2746 807 2783 se
825 2728 942 2781 condere
961 2727 1040 2784 silva.

388 2804 603 2873 signantemque
621 2807 693 2871 vias;
714 2810 773 2860 tum
792 2805 874 2871 longo
891 2802 980 2857 limite
999 2804 1089 2857 sulcus

388 2879 446 2934 Dat
462 2880 559 2950 lucem,
577 2885 607 2937 et
624 2882 681 2937 late
699 2881 800 2935 circum
818 2881 877 2934 loca
895 2879 997 2933 sulfure
1015 2880 1129 2933 fumant.

388 2956 444 3010 Hic
462 2973 526 3011 vero
544 2959 632 3012 victus
649 2959 758 3028 genitor
775 2974 805 3011 se
823 2956 895 3011 tollit
913 2955 950 3009 ad
967 2972 1055 3023 auras,

388 3031 566 3103 Adlaturque
584 3033 650 3088 deos
668 3040 697 3090 et
715 3037 839 3088 sanetum
857 3032 932 3086 sidus
950 3031 1055 3085 adorat.
1208 3041 1244 3082 roo

388 3108 449 3163 Iam
462 3109 517 3163 iam
529 3110 603 3164 nulla
613 3127 690 3165 mora
699 3115 742 3165 est
749 3131 756 3176 ;
774 3124 881 3177 sequor,
892 3111 928 3173 et,
938 3123 993 3175 qua
1001 3105 1107 3173 ducitis,
1116 3104 1220 3157 adsum

389 3182 427 3237 Di
444 3185 535 3254 patrii,
554 3190 661 3241 servate
680 3187 798 3252 domum,
817 3186 924 3237 servate
941 3185 1077 3249 nepotem.

389 3259 522 3315 Vestrum
533 3261 585 3316 hoc
596 3264 747 3331 augurium,
760 3264 906 3327 vestroque
917 3259 946 3311 in
957 3258 1067 3312 numine
1080 3256 1159 3308 Troia
1171 3258 1221 3308 est.

389 3335 467 3391 Cedo
485 3338 621 3407 equidem,
639 3354 696 3406 nee,
715 3339 787 3404 nate,
805 3333 857 3387 tibi
874 3350 963 3389 comm
981 3334 1022 3387 ire
1039 3347 1140 3386 recuso.

425 3411 542 3467 Dixerat
555 3414 618 3480 illa·
636 3418 666 3469 et
682 3414 736 3469 iam
753 3430 806 3484 per
823 3411 935 3467 moenia
951 3409 1049 3465 clarior
1066 3406 1144 3475 ignis
1220 3414 1265 3451 'ot

377 3485 510 3552 Avd1't11r,
525 3489 703 3559 propiusque
720 3495 819 3547 aestus
837 3488 974 3547 incendia
990 3486 1124 3543 uolmmt.

363 3555 444 3620 &8⁰
460 3574 520 3627 age,
540 3579 607 3619 eure
623 3569 717 3637 pater,
735 3569 848 3627 cervici
867 3572 1017 3643 inponere
1034 3563 1185 3621 nostrates
