<?xml version="1.0" encoding="UTF-8"?>
<!DOCTYPE html PUBLIC "-//W3C//DTD XHTML 1.0 Transitional//EN"
    "http://www.w3.org/TR/xhtml1/DTD/xhtml1-transitional.dtd">
<html xmlns="http://www.w3.org/1999/xhtml" xml:lang="en" lang="en">
 <head>
  <title>
</title>
<meta http-equiv="Content-Type" content="text/html;charset=utf-8" />
  <meta name='ocr-system' content='tesseract 3.04.00' />
  <meta name='ocr-capabilities' content='ocr_page ocr_carea ocr_par ocr_line ocrx_word'/>
</head>
<body>
  <div class='ocr_page' id='page_1' title='image "./publivergilimar00conigoog/publivergilimar00conigoog_0284.png"; bbox 0 0 3242 4159; ppageno 0'>
   <div class='ocr_carea' id='block_1_1' title="bbox 394 527 1019 603">
    <p class='ocr_par' dir='ltr' id='par_1_1' title="bbox 394 527 1019 603">
     <span class='ocr_line' id='line_1_1' title="bbox 394 527 1019 603; baseline -0.005 -22"><span class='ocrx_word' id='word_1_1' title='bbox 394 533 442 582; x_wconf 80' lang='lat'><strong>258</strong></span> <span class='ocrx_word' id='word_1_2' title='bbox 616 528 660 603; x_wconf 55' lang='grc' dir='ltr'><strong>1Ρ.</strong></span> <span class='ocrx_word' id='word_1_3' title='bbox 679 528 834 576; x_wconf 88' lang='lat' dir='ltr'><strong>VERGILI</strong></span> <span class='ocrx_word' id='word_1_4' title='bbox 850 527 1019 578; x_wconf 75' lang='lat' dir='ltr'><strong>MARonls</strong></span> 
     </span>
    </p>
   </div>
   <div class='ocr_carea' id='block_1_2' title="bbox 345 608 1288 3636">
    <p class='ocr_par' dir='ltr' id='par_1_2' title="bbox 345 608 1288 3636">
     <span class='ocr_line' id='line_1_2' title="bbox 395 608 1219 684; baseline 0.001 -19"><span class='ocrx_word' id='word_1_5' title='bbox 395 609 517 679; x_wconf 79' lang='lat' dir='ltr'><strong>Quisque</strong></span> <span class='ocrx_word' id='word_1_6' title='bbox 534 626 604 678; x_wconf 86' lang='lat' dir='ltr'><strong>suas,</strong></span> <span class='ocrx_word' id='word_1_7' title='bbox 621 608 759 677; x_wconf 87' lang='lat' dir='ltr'><strong>variisque</strong></span> <span class='ocrx_word' id='word_1_8' title='bbox 777 612 879 663; x_wconf 89' lang='lat' dir='ltr'><strong>acuunt</strong></span> <span class='ocrx_word' id='word_1_9' title='bbox 895 610 1051 664; x_wconf 83' lang='lat' dir='ltr'><strong>rumoribus</strong></span> <span class='ocrx_word' id='word_1_10' title='bbox 1067 612 1131 666; x_wconf 87' lang='lat' dir='ltr'><strong>iras.</strong></span> <span class='ocrx_word' id='word_1_11' title='bbox 1215 676 1219 684; x_wconf 30' lang='grc' dir='ltr'>Ι</span> 
     </span>
     <span class='ocr_line' id='line_1_3' title="bbox 396 685 1244 756; baseline 0.002 -15"><span class='ocrx_word' id='word_1_12' title='bbox 396 688 467 751; x_wconf 87' lang='lat' dir='ltr'><strong>Quin</strong></span> <span class='ocrx_word' id='word_1_13' title='bbox 485 687 545 756; x_wconf 91' lang='lat' dir='ltr'><strong>ipsa</strong></span> <span class='ocrx_word' id='word_1_14' title='bbox 563 686 768 741; x_wconf 87' lang='lat' dir='ltr'><strong>arrectis—visu</strong></span> <span class='ocrx_word' id='word_1_15' title='bbox 786 685 1005 740; x_wconf 87' lang='lat' dir='ltr'><strong>miserabile—in</strong></span> <span class='ocrx_word' id='word_1_16' title='bbox 1022 686 1110 742; x_wconf 87' lang='lat' dir='ltr'><strong>hastis</strong></span> <span class='ocrx_word' id='word_1_17' title='bbox 1210 703 1244 742; x_wconf 73' lang='lat' dir='ltr'><strong>aas</strong></span> 
     </span>
     <span class='ocr_line' id='line_1_4' title="bbox 394 760 1119 831; baseline 0 -15"><span class='ocrx_word' id='word_1_18' title='bbox 394 763 555 831; x_wconf 85' lang='lat' dir='ltr'><strong>Praeligunt</strong></span> <span class='ocrx_word' id='word_1_19' title='bbox 573 761 663 830; x_wconf 87' lang='lat' dir='ltr'><strong>capita</strong></span> <span class='ocrx_word' id='word_1_20' title='bbox 681 765 711 814; x_wconf 88' lang='lat' dir='ltr'><strong>et</strong></span> <span class='ocrx_word' id='word_1_21' title='bbox 727 761 814 814; x_wconf 93' lang='lat' dir='ltr'><strong>multo</strong></span> <span class='ocrx_word' id='word_1_22' title='bbox 832 760 948 815; x_wconf 90' lang='lat' dir='ltr'><strong>clamore</strong></span> <span class='ocrx_word' id='word_1_23' title='bbox 966 766 1119 831; x_wconf 85' lang='lat' dir='ltr'><strong>sequuntur</strong></span> 
     </span>
     <span class='ocr_line' id='line_1_5' title="bbox 395 837 639 907; baseline -0.008 -16"><span class='ocrx_word' id='word_1_24' title='bbox 395 839 506 907; x_wconf 82' lang='lat' dir='ltr'><strong>Euryali</strong></span> <span class='ocrx_word' id='word_1_25' title='bbox 524 842 554 891; x_wconf 94' lang='lat' dir='ltr'><strong>et</strong></span> <span class='ocrx_word' id='word_1_26' title='bbox 571 837 639 891; x_wconf 87' lang='lat' dir='ltr'><strong>Nisi.</strong></span> 
     </span>
     <span class='ocr_line' id='line_1_6' title="bbox 395 912 1050 982; baseline -0.002 -14"><span class='ocrx_word' id='word_1_27' title='bbox 395 914 543 968; x_wconf 81' lang='lat' dir='ltr'>Aeneadae</span> <span class='ocrx_word' id='word_1_28' title='bbox 561 914 623 966; x_wconf 91' lang='lat' dir='ltr'><strong>duri</strong></span> <span class='ocrx_word' id='word_1_29' title='bbox 640 928 780 966; x_wconf 88' lang='lat' dir='ltr'><strong>murorum</strong></span> <span class='ocrx_word' id='word_1_30' title='bbox 796 912 826 966; x_wconf 89' lang='lat' dir='ltr'><strong>in</strong></span> <span class='ocrx_word' id='word_1_31' title='bbox 843 917 923 982; x_wconf 90' lang='lat' dir='ltr'><strong>parte</strong></span> <span class='ocrx_word' id='word_1_32' title='bbox 940 912 1050 967; x_wconf 84' lang='lat' dir='ltr'><strong>sinistra</strong></span> 
     </span>
     <span class='ocr_line' id='line_1_7' title="bbox 395 988 1167 1059; baseline 0.001 -16"><span class='ocrx_word' id='word_1_33' title='bbox 395 989 553 1059; x_wconf 87' lang='lat' dir='ltr'><strong>Opposuere</strong></span> <span class='ocrx_word' id='word_1_34' title='bbox 572 989 763 1054; x_wconf 72' lang='lat' dir='ltr'><strong>aciem—nam</strong></span> <span class='ocrx_word' id='word_1_35' title='bbox 782 988 899 1043; x_wconf 78' lang='lat' dir='ltr'><strong>dextera</strong></span> <span class='ocrx_word' id='word_1_36' title='bbox 915 989 1034 1056; x_wconf 81' lang='lat' dir='ltr'><strong>cingitur</strong></span> <span class='ocrx_word' id='word_1_37' title='bbox 1050 990 1167 1044; x_wconf 58' lang='lat' dir='ltr'><strong>amni-a</strong></span> 
     </span>
     <span class='ocr_line' id='line_1_8' title="bbox 394 1064 1245 1134; baseline 0.004 -16"><span class='ocrx_word' id='word_1_38' title='bbox 394 1066 574 1134; x_wconf 84' lang='lat' dir='ltr'><strong>ingentisque</strong></span> <span class='ocrx_word' id='word_1_39' title='bbox 592 1068 688 1118; x_wconf 86' lang='lat' dir='ltr'><strong>tenent</strong></span> <span class='ocrx_word' id='word_1_40' title='bbox 705 1064 800 1133; x_wconf 85' lang='lat' dir='ltr'><strong>fossas,</strong></span> <span class='ocrx_word' id='word_1_41' title='bbox 819 1068 849 1118; x_wconf 90' lang='lat' dir='ltr'><strong>et</strong></span> <span class='ocrx_word' id='word_1_42' title='bbox 864 1064 987 1118; x_wconf 84' lang='lat' dir='ltr'><strong>turribus</strong></span> <span class='ocrx_word' id='word_1_43' title='bbox 1005 1064 1068 1118; x_wconf 86' lang='lat' dir='ltr'><strong>altis</strong></span> <span class='ocrx_word' id='word_1_44' title='bbox 1208 1081 1245 1121; x_wconf 80' lang='lat'><strong>470</strong></span> 
     </span>
     <span class='ocr_line' id='line_1_9' title="bbox 395 1140 1198 1209; baseline 0.001 -14"><span class='ocrx_word' id='word_1_45' title='bbox 395 1142 476 1195; x_wconf 80' lang='lat' dir='ltr'><strong>Stant</strong></span> <span class='ocrx_word' id='word_1_46' title='bbox 494 1141 607 1206; x_wconf 88' lang='lat' dir='ltr'><strong>maesti;</strong></span> <span class='ocrx_word' id='word_1_47' title='bbox 631 1140 711 1193; x_wconf 89' lang='lat' dir='ltr'><strong>simul</strong></span> <span class='ocrx_word' id='word_1_48' title='bbox 729 1156 777 1194; x_wconf 90' lang='lat' dir='ltr'><strong>ora</strong></span> <span class='ocrx_word' id='word_1_49' title='bbox 795 1140 883 1193; x_wconf 89' lang='lat' dir='ltr'><strong>virum</strong></span> <span class='ocrx_word' id='word_1_50' title='bbox 901 1140 1024 1209; x_wconf 86' lang='lat' dir='ltr'><strong>praefixa</strong></span> <span class='ocrx_word' id='word_1_51' title='bbox 1040 1140 1198 1208; x_wconf 89' lang='lat' dir='ltr'><strong>movebant,</strong></span> 
     </span>
     <span class='ocr_line' id='line_1_10' title="bbox 394 1214 1046 1284; baseline 0 -14"><span class='ocrx_word' id='word_1_52' title='bbox 394 1216 468 1270; x_wconf 89' lang='lat' dir='ltr'><strong>Nota</strong></span> <span class='ocrx_word' id='word_1_53' title='bbox 486 1217 567 1269; x_wconf 90' lang='lat' dir='ltr'><strong>nimis</strong></span> <span class='ocrx_word' id='word_1_54' title='bbox 585 1217 692 1271; x_wconf 83' lang='lat' dir='ltr'><strong>miseris</strong></span> <span class='ocrx_word' id='word_1_55' title='bbox 710 1218 826 1284; x_wconf 89' lang='lat' dir='ltr'><strong>atroque</strong></span> <span class='ocrx_word' id='word_1_56' title='bbox 843 1216 957 1269; x_wconf 86' lang='lat' dir='ltr'><strong>fluentia</strong></span> <span class='ocrx_word' id='word_1_57' title='bbox 973 1214 1046 1270; x_wconf 88' lang='lat' dir='ltr'><strong>tabo.</strong></span> 
     </span>
     <span class='ocr_line' id='line_1_11' title="bbox 428 1292 1139 1362; baseline 0 -15"><span class='ocrx_word' id='word_1_58' title='bbox 428 1294 542 1347; x_wconf 84' lang='lat' dir='ltr'><strong>Interea</strong></span> <span class='ocrx_word' id='word_1_59' title='bbox 558 1294 686 1362; x_wconf 87' lang='lat' dir='ltr'><strong>pavidam</strong></span> <span class='ocrx_word' id='word_1_60' title='bbox 704 1293 821 1346; x_wconf 88' lang='lat' dir='ltr'><strong>volitans</strong></span> <span class='ocrx_word' id='word_1_61' title='bbox 838 1298 958 1361; x_wconf 89' lang='lat' dir='ltr'><strong>pennata</strong></span> <span class='ocrx_word' id='word_1_62' title='bbox 973 1309 1024 1361; x_wconf 90' lang='lat' dir='ltr'><strong>per</strong></span> <span class='ocrx_word' id='word_1_63' title='bbox 1041 1292 1139 1347; x_wconf 90' lang='lat' dir='ltr'><strong>urbem</strong></span> 
     </span>
     <span class='ocr_line' id='line_1_12' title="bbox 394 1367 1099 1436; baseline 0 -14"><span class='ocrx_word' id='word_1_64' title='bbox 394 1370 499 1423; x_wconf 87' lang='lat' dir='ltr'><strong>Nuntia</strong></span> <span class='ocrx_word' id='word_1_65' title='bbox 517 1370 603 1423; x_wconf 81' lang='lat' dir='ltr'><strong>Fama</strong></span> <span class='ocrx_word' id='word_1_66' title='bbox 620 1369 683 1435; x_wconf 89' lang='lat' dir='ltr'><strong>ruit,</strong></span> <span class='ocrx_word' id='word_1_67' title='bbox 700 1368 852 1436; x_wconf 87' lang='lat' dir='ltr'><strong>matrisque</strong></span> <span class='ocrx_word' id='word_1_68' title='bbox 868 1367 1008 1421; x_wconf 80' lang='lat' dir='ltr'><strong>adlabitur</strong></span> <span class='ocrx_word' id='word_1_69' title='bbox 1025 1369 1099 1422; x_wconf 84' lang='lat' dir='ltr'><strong>auris</strong></span> 
     </span>
     <span class='ocr_line' id='line_1_13' title="bbox 395 1444 1243 1514; baseline 0.005 -17"><span class='ocrx_word' id='word_1_70' title='bbox 395 1444 511 1514; x_wconf 81' lang='lat' dir='ltr'><strong>Euryali.</strong></span> <span class='ocrx_word' id='word_1_71' title='bbox 547 1445 588 1498; x_wconf 85' lang='lat' dir='ltr'><strong>At</strong></span> <span class='ocrx_word' id='word_1_72' title='bbox 606 1445 712 1497; x_wconf 87' lang='lat' dir='ltr'><strong>subitus</strong></span> <span class='ocrx_word' id='word_1_73' title='bbox 729 1444 845 1497; x_wconf 80' lang='lat' dir='ltr'><strong>miserae</strong></span> <span class='ocrx_word' id='word_1_74' title='bbox 862 1444 936 1496; x_wconf 85' lang='lat' dir='ltr'><strong>calor</strong></span> <span class='ocrx_word' id='word_1_75' title='bbox 953 1460 1014 1497; x_wconf 87' lang='lat' dir='ltr'><strong>ossa</strong></span> <span class='ocrx_word' id='word_1_76' title='bbox 1031 1444 1160 1513; x_wconf 88' lang='lat' dir='ltr'><strong>reliquit;</strong></span> <span class='ocrx_word' id='word_1_77' title='bbox 1207 1460 1243 1501; x_wconf 67' lang='lat' dir='ltr'><strong>aa</strong></span> 
     </span>
     <span class='ocr_line' id='line_1_14' title="bbox 396 1519 1048 1589; baseline 0.005 -17"><span class='ocrx_word' id='word_1_78' title='bbox 396 1520 508 1574; x_wconf 82' lang='lat' dir='ltr'><strong>Excussi</strong></span> <span class='ocrx_word' id='word_1_79' title='bbox 525 1520 650 1573; x_wconf 87' lang='lat' dir='ltr'><strong>manibus</strong></span> <span class='ocrx_word' id='word_1_80' title='bbox 667 1520 745 1585; x_wconf 89' lang='lat' dir='ltr'><strong>radii,</strong></span> <span class='ocrx_word' id='word_1_81' title='bbox 763 1519 940 1588; x_wconf 82' lang='lat' dir='ltr'><strong>revolutaque</strong></span> <span class='ocrx_word' id='word_1_82' title='bbox 957 1536 1048 1589; x_wconf 78' lang='lat' dir='ltr'><strong>pensa</strong></span> 
     </span>
     <span class='ocr_line' id='line_1_15' title="bbox 395 1593 1095 1661; baseline -0.003 -11"><span class='ocrx_word' id='word_1_83' title='bbox 395 1595 491 1650; x_wconf 89' lang='lat' dir='ltr'><strong>Evolat</strong></span> <span class='ocrx_word' id='word_1_84' title='bbox 509 1595 611 1659; x_wconf 81' lang='lat' dir='ltr'><strong>infelix,</strong></span> <span class='ocrx_word' id='word_1_85' title='bbox 629 1597 658 1648; x_wconf 88' lang='lat' dir='ltr'><strong>et</strong></span> <span class='ocrx_word' id='word_1_86' title='bbox 675 1595 791 1648; x_wconf 84' lang='lat' dir='ltr'><strong>femineo</strong></span> <span class='ocrx_word' id='word_1_87' title='bbox 808 1593 921 1661; x_wconf 88' lang='lat' dir='ltr'><strong>ululatu,</strong></span> <span class='ocrx_word' id='word_1_88' title='bbox 1093 1643 1095 1648; x_wconf 92' lang='lat'><em>.</em></span> 
     </span>
     <span class='ocr_line' id='line_1_16' title="bbox 395 1671 1163 1739; baseline 0.003 -14"><span class='ocrx_word' id='word_1_89' title='bbox 395 1671 484 1725; x_wconf 83' lang='lat' dir='ltr'><strong>Scissa</strong></span> <span class='ocrx_word' id='word_1_90' title='bbox 501 1688 612 1738; x_wconf 88' lang='lat' dir='ltr'><strong>comam,</strong></span> <span class='ocrx_word' id='word_1_91' title='bbox 630 1687 723 1723; x_wconf 89' lang='lat' dir='ltr'><strong>muros</strong></span> <span class='ocrx_word' id='word_1_92' title='bbox 740 1687 835 1723; x_wconf 88' lang='lat' dir='ltr'><strong>amens</strong></span> <span class='ocrx_word' id='word_1_93' title='bbox 851 1674 935 1738; x_wconf 92' lang='lat' dir='ltr'><strong>atque</strong></span> <span class='ocrx_word' id='word_1_94' title='bbox 952 1671 1061 1739; x_wconf 82' lang='lat' dir='ltr'><strong>agrnina</strong></span> <span class='ocrx_word' id='word_1_95' title='bbox 1078 1688 1163 1727; x_wconf 87' lang='lat' dir='ltr'><strong>cursu</strong></span> 
     </span>
     <span class='ocr_line' id='line_1_17' title="bbox 395 1746 1080 1817; baseline 0.004 -19"><span class='ocrx_word' id='word_1_96' title='bbox 395 1746 487 1801; x_wconf 88' lang='lat' dir='ltr'><strong>Prima</strong></span> <span class='ocrx_word' id='word_1_97' title='bbox 503 1748 583 1817; x_wconf 88' lang='lat' dir='ltr'><strong>petit,</strong></span> <span class='ocrx_word' id='word_1_98' title='bbox 600 1764 655 1800; x_wconf 92' lang='lat' dir='ltr'><strong>non</strong></span> <span class='ocrx_word' id='word_1_99' title='bbox 672 1746 719 1799; x_wconf 87' lang='lat' dir='ltr'><strong>illa</strong></span> <span class='ocrx_word' id='word_1_100' title='bbox 736 1746 831 1812; x_wconf 83' lang='lat' dir='ltr'><strong>virum,</strong></span> <span class='ocrx_word' id='word_1_101' title='bbox 849 1762 902 1799; x_wconf 92' lang='lat' dir='ltr'><strong>non</strong></span> <span class='ocrx_word' id='word_1_102' title='bbox 920 1746 967 1799; x_wconf 91' lang='lat' dir='ltr'><strong>illa</strong></span> <span class='ocrx_word' id='word_1_103' title='bbox 982 1747 1080 1815; x_wconf 90' lang='lat' dir='ltr'><strong>pericli</strong></span> 
     </span>
     <span class='ocr_line' id='line_1_18' title="bbox 395 1821 1235 1894; baseline 0.006 -19"><span class='ocrx_word' id='word_1_104' title='bbox 395 1822 574 1892; x_wconf 70' lang='lat' dir='ltr'><strong>&#39;l‘elorumque</strong></span> <span class='ocrx_word' id='word_1_105' title='bbox 592 1840 709 1887; x_wconf 91' lang='lat' dir='ltr'><strong>memor;</strong></span> <span class='ocrx_word' id='word_1_106' title='bbox 733 1822 838 1875; x_wconf 92' lang='lat' dir='ltr'><strong>caelum</strong></span> <span class='ocrx_word' id='word_1_107' title='bbox 856 1821 955 1875; x_wconf 86' lang='lat' dir='ltr'><strong>dehinc</strong></span> <span class='ocrx_word' id='word_1_108' title='bbox 972 1822 1116 1892; x_wconf 79' lang='lat' dir='ltr'><strong>questibus</strong></span> <span class='ocrx_word' id='word_1_109' title='bbox 1133 1824 1235 1894; x_wconf 85' lang='lat' dir='ltr'><strong>inplet:</strong></span> 
     </span>
     <span class='ocr_line' id='line_1_19' title="bbox 396 1898 1178 1967; baseline 0.004 -15"><span class='ocrx_word' id='word_1_110' title='bbox 396 1900 477 1952; x_wconf 92' lang='lat' dir='ltr'><strong>Hunc</strong></span> <span class='ocrx_word' id='word_1_111' title='bbox 495 1916 545 1967; x_wconf 80' lang='lat' dir='ltr'><strong>ego</strong></span> <span class='ocrx_word' id='word_1_112' title='bbox 563 1902 600 1966; x_wconf 86' lang='lat' dir='ltr'><strong>te,</strong></span> <span class='ocrx_word' id='word_1_113' title='bbox 618 1898 741 1966; x_wconf 87' lang='lat' dir='ltr'><strong>Euryale,</strong></span> <span class='ocrx_word' id='word_1_114' title='bbox 759 1898 879 1966; x_wconf 78' lang='lat' dir='ltr'><strong>aspiciet</strong></span> <span class='ocrx_word' id='word_1_115' title='bbox 903 1901 969 1952; x_wconf 90' lang='lat' dir='ltr'><strong>tune</strong></span> <span class='ocrx_word' id='word_1_116' title='bbox 985 1898 1031 1952; x_wconf 91' lang='lat' dir='ltr'><strong>ille</strong></span> <span class='ocrx_word' id='word_1_117' title='bbox 1049 1904 1178 1955; x_wconf 82' lang='lat' dir='ltr'><strong>senectae</strong></span> 
     </span>
     <span class='ocr_line' id='line_1_20' title="bbox 396 1973 1074 2043; baseline 0 -16"><span class='ocrx_word' id='word_1_118' title='bbox 396 1975 462 2027; x_wconf 78' lang='lat' dir='ltr'><strong>Sera</strong></span> <span class='ocrx_word' id='word_1_119' title='bbox 479 1990 556 2027; x_wconf 90' lang='lat' dir='ltr'><strong>meae</strong></span> <span class='ocrx_word' id='word_1_120' title='bbox 574 1976 690 2043; x_wconf 84' lang='lat' dir='ltr'><strong>requies,</strong></span> <span class='ocrx_word' id='word_1_121' title='bbox 709 1974 823 2042; x_wconf 86' lang='lat' dir='ltr'><strong>potuisti</strong></span> <span class='ocrx_word' id='word_1_122' title='bbox 840 1973 965 2042; x_wconf 88' lang='lat' dir='ltr'><strong>linquere</strong></span> <span class='ocrx_word' id='word_1_123' title='bbox 983 1974 1074 2041; x_wconf 86' lang='lat' dir='ltr'><strong>solam,</strong></span> 
     </span>
     <span class='ocr_line' id='line_1_21' title="bbox 395 2048 1104 2119; baseline 0.003 -16"><span class='ocrx_word' id='word_1_124' title='bbox 395 2048 537 2103; x_wconf 67' lang='lat' dir='ltr'><strong>Crudelis?</strong></span> <span class='ocrx_word' id='word_1_125' title='bbox 560 2066 610 2103; x_wconf 92' lang='lat' dir='ltr'><strong>nec</strong></span> <span class='ocrx_word' id='word_1_126' title='bbox 627 2053 664 2117; x_wconf 81' lang='lat' dir='ltr'><strong>tc,</strong></span> <span class='ocrx_word' id='word_1_127' title='bbox 683 2050 733 2103; x_wconf 87' lang='lat' dir='ltr'><strong>sub</strong></span> <span class='ocrx_word' id='word_1_128' title='bbox 751 2052 829 2102; x_wconf 87' lang='lat' dir='ltr'><strong>tanta</strong></span> <span class='ocrx_word' id='word_1_129' title='bbox 845 2049 967 2117; x_wconf 85' lang='lat' dir='ltr'><strong>pericula</strong></span> <span class='ocrx_word' id='word_1_130' title='bbox 983 2050 1104 2119; x_wconf 84' lang='lat' dir='ltr'><strong>missum,</strong></span> 
     </span>
     <span class='ocr_line' id='line_1_22' title="bbox 396 2124 1095 2200; baseline 0.009 -24"><span class='ocrx_word' id='word_1_131' title='bbox 396 2124 494 2177; x_wconf 85' lang='lat' dir='ltr'><strong>Adfari</strong></span> <span class='ocrx_word' id='word_1_132' title='bbox 511 2128 664 2178; x_wconf 84' lang='lat' dir='ltr'><strong>extremum</strong></span> <span class='ocrx_word' id='word_1_133' title='bbox 682 2126 798 2179; x_wconf 87' lang='lat' dir='ltr'><strong>miserae</strong></span> <span class='ocrx_word' id='word_1_134' title='bbox 817 2124 884 2200; x_wconf 83' lang='lat' dir='ltr'><strong>data</strong></span> <span class='ocrx_word' id='word_1_135' title='bbox 901 2126 978 2195; x_wconf 90' lang='lat' dir='ltr'><strong>eopia</strong></span> <span class='ocrx_word' id='word_1_136' title='bbox 994 2127 1095 2182; x_wconf 81' lang='lat' dir='ltr'><strong>metrii</strong></span> 
     </span>
     <span class='ocr_line' id='line_1_23' title="bbox 396 2191 1288 2269; baseline 0.004 -16"><span class='ocrx_word' id='word_1_137' title='bbox 396 2200 466 2264; x_wconf 87' lang='lat' dir='ltr'><strong>Heu,</strong></span> <span class='ocrx_word' id='word_1_138' title='bbox 483 2203 559 2253; x_wconf 87' lang='lat' dir='ltr'><strong>terra</strong></span> <span class='ocrx_word' id='word_1_139' title='bbox 575 2200 669 2268; x_wconf 83' lang='lat' dir='ltr'><strong>ignota</strong></span> <span class='ocrx_word' id='word_1_140' title='bbox 686 2200 797 2254; x_wconf 87' lang='lat' dir='ltr'><strong>canibus</strong></span> <span class='ocrx_word' id='word_1_141' title='bbox 815 2200 881 2254; x_wconf 86' lang='lat' dir='ltr'><strong>date</strong></span> <span class='ocrx_word' id='word_1_142' title='bbox 897 2202 1000 2269; x_wconf 88' lang='lat' dir='ltr'><strong>praeda</strong></span> <span class='ocrx_word' id='word_1_143' title='bbox 1017 2201 1125 2256; x_wconf 87' lang='lat' dir='ltr'><strong>Latinis</strong></span> <span class='ocrx_word' id='word_1_144' title='bbox 1205 2218 1240 2257; x_wconf 77' lang='lat' dir='ltr'><strong>ec</strong></span> <span class='ocrx_word' id='word_1_145' title='bbox 1285 2191 1288 2213; x_wconf 71' lang='lat'><em>⁶</em></span> 
     </span>
     <span class='ocr_line' id='line_1_24' title="bbox 395 2276 1078 2344; baseline 0.003 -15"><span class='ocrx_word' id='word_1_146' title='bbox 395 2276 571 2344; x_wconf 71' lang='lat' dir='ltr'><strong>alitibusque</strong></span> <span class='ocrx_word' id='word_1_147' title='bbox 588 2276 671 2330; x_wconf 85' lang='lat' dir='ltr'><strong>iaces!</strong></span> <span class='ocrx_word' id='word_1_148' title='bbox 696 2292 746 2330; x_wconf 90' lang='lat' dir='ltr'><strong>nec</strong></span> <span class='ocrx_word' id='word_1_149' title='bbox 763 2280 792 2329; x_wconf 88' lang='lat' dir='ltr'><strong>te</strong></span> <span class='ocrx_word' id='word_1_150' title='bbox 810 2280 860 2329; x_wconf 88' lang='lat' dir='ltr'><strong>tua</strong></span> <span class='ocrx_word' id='word_1_151' title='bbox 876 2277 972 2330; x_wconf 85' lang='lat' dir='ltr'><strong>funera</strong></span> <span class='ocrx_word' id='word_1_152' title='bbox 988 2279 1078 2331; x_wconf 87' lang='lat' dir='ltr'><strong>mater</strong></span> 
     </span>
     <span class='ocr_line' id='line_1_25' title="bbox 351 2352 1048 2421; baseline 0.001 -16"><span class='ocrx_word' id='word_1_153' title='bbox 351 2413 354 2417; x_wconf 19' lang='lat'><strong>⁴</strong></span> <span class='ocrx_word' id='word_1_154' title='bbox 396 2352 523 2418; x_wconf 85' lang='lat' dir='ltr'><strong>Produxi,</strong></span> <span class='ocrx_word' id='word_1_155' title='bbox 540 2353 661 2421; x_wconf 87' lang='lat' dir='ltr'><strong>pressive</strong></span> <span class='ocrx_word' id='word_1_156' title='bbox 679 2353 776 2420; x_wconf 86' lang='lat' dir='ltr'><strong>oculos,</strong></span> <span class='ocrx_word' id='word_1_157' title='bbox 795 2357 844 2407; x_wconf 88' lang='lat' dir='ltr'><strong>aut</strong></span> <span class='ocrx_word' id='word_1_158' title='bbox 861 2353 970 2406; x_wconf 87' lang='lat' dir='ltr'><strong>volnera</strong></span> <span class='ocrx_word' id='word_1_159' title='bbox 987 2353 1048 2420; x_wconf 89' lang='lat' dir='ltr'><strong>lavi,</strong></span> 
     </span>
     <span class='ocr_line' id='line_1_26' title="bbox 395 2428 1132 2502; baseline 0.004 -21"><span class='ocrx_word' id='word_1_160' title='bbox 395 2428 482 2483; x_wconf 84' lang='lat' dir='ltr'><strong>Veste</strong></span> <span class='ocrx_word' id='word_1_161' title='bbox 499 2433 601 2497; x_wconf 84' lang='lat' dir='ltr'><strong>tegens,</strong></span> <span class='ocrx_word' id='word_1_162' title='bbox 620 2428 671 2483; x_wconf 89' lang='lat' dir='ltr'><strong>tibi</strong></span> <span class='ocrx_word' id='word_1_163' title='bbox 689 2445 771 2497; x_wconf 88' lang='lat' dir='ltr'><strong>quam</strong></span> <span class='ocrx_word' id='word_1_164' title='bbox 788 2431 881 2482; x_wconf 85' lang='lat' dir='ltr'><strong>noctes</strong></span> <span class='ocrx_word' id='word_1_165' title='bbox 898 2429 998 2483; x_wconf 87' lang='lat' dir='ltr'><strong>festina</strong></span> <span class='ocrx_word' id='word_1_166' title='bbox 1015 2428 1132 2502; x_wconf 79' lang='lat' dir='ltr'><strong>diesque</strong></span> 
     </span>
     <span class='ocr_line' id='line_1_27' title="bbox 394 2502 995 2573; baseline 0.002 -15"><span class='ocrx_word' id='word_1_167' title='bbox 394 2504 553 2573; x_wconf 85' lang='lat' dir='ltr'><strong>Urguebam</strong></span> <span class='ocrx_word' id='word_1_168' title='bbox 571 2509 601 2559; x_wconf 87' lang='lat' dir='ltr'><strong>et</strong></span> <span class='ocrx_word' id='word_1_169' title='bbox 618 2505 673 2558; x_wconf 89' lang='lat' dir='ltr'><strong>tela</strong></span> <span class='ocrx_word' id='word_1_170' title='bbox 690 2520 768 2558; x_wconf 87' lang='lat' dir='ltr'><strong>curas</strong></span> <span class='ocrx_word' id='word_1_171' title='bbox 786 2502 893 2557; x_wconf 86' lang='lat' dir='ltr'><strong>solabar</strong></span> <span class='ocrx_word' id='word_1_172' title='bbox 909 2503 995 2559; x_wconf 85' lang='lat' dir='ltr'><strong>anilis.</strong></span> 
     </span>
     <span class='ocr_line' id='line_1_28' title="bbox 396 2580 1241 2649; baseline 0.006 -16"><span class='ocrx_word' id='word_1_173' title='bbox 396 2580 455 2643; x_wconf 88' lang='lat' dir='ltr'><strong>Quo</strong></span> <span class='ocrx_word' id='word_1_174' title='bbox 475 2581 592 2648; x_wconf 76' lang='lat' dir='ltr'><strong>aequari</strong></span> <span class='ocrx_word' id='word_1_175' title='bbox 616 2584 664 2634; x_wconf 87' lang='lat' dir='ltr'><strong>aut</strong></span> <span class='ocrx_word' id='word_1_176' title='bbox 682 2596 752 2649; x_wconf 90' lang='lat' dir='ltr'><strong>quac</strong></span> <span class='ocrx_word' id='word_1_177' title='bbox 770 2596 842 2633; x_wconf 91' lang='lat' dir='ltr'><strong>nunc</strong></span> <span class='ocrx_word' id='word_1_178' title='bbox 859 2583 936 2633; x_wconf 88' lang='lat' dir='ltr'><strong>artus</strong></span> <span class='ocrx_word' id='word_1_179' title='bbox 954 2580 1100 2648; x_wconf 83' lang='lat' dir='ltr'><strong>avolsaque</strong></span> <span class='ocrx_word' id='word_1_180' title='bbox 1117 2582 1241 2637; x_wconf 83' lang='lat' dir='ltr'><strong>membra</strong></span> 
     </span>
     <span class='ocr_line' id='line_1_29' title="bbox 394 2654 1166 2725; baseline 0.003 -17"><span class='ocrx_word' id='word_1_181' title='bbox 394 2656 431 2709; x_wconf 90' lang='lat' dir='ltr'><strong>Et</strong></span> <span class='ocrx_word' id='word_1_182' title='bbox 447 2656 529 2708; x_wconf 87' lang='lat' dir='ltr'><strong>funus</strong></span> <span class='ocrx_word' id='word_1_183' title='bbox 546 2655 666 2708; x_wconf 88' lang='lat' dir='ltr'><strong>lacerum</strong></span> <span class='ocrx_word' id='word_1_184' title='bbox 683 2656 766 2710; x_wconf 89' lang='lat' dir='ltr'><strong>tellus</strong></span> <span class='ocrx_word' id='word_1_185' title='bbox 784 2654 886 2710; x_wconf 81' lang='lat' dir='ltr'><strong>habeti</strong></span> <span class='ocrx_word' id='word_1_186' title='bbox 910 2656 971 2709; x_wconf 93' lang='lat' dir='ltr'><strong>Hoc</strong></span> <span class='ocrx_word' id='word_1_187' title='bbox 987 2655 1055 2709; x_wconf 90' lang='lat' dir='ltr'><strong>mihi</strong></span> <span class='ocrx_word' id='word_1_188' title='bbox 1073 2655 1110 2710; x_wconf 92' lang='lat' dir='ltr'><strong>de</strong></span> <span class='ocrx_word' id='word_1_189' title='bbox 1127 2661 1166 2725; x_wconf 90' lang='lat' dir='ltr'><strong>te,</strong></span> 
     </span>
     <span class='ocr_line' id='line_1_30' title="bbox 394 2730 1165 2808; baseline 0.005 -24"><span class='ocrx_word' id='word_1_190' title='bbox 394 2731 476 2797; x_wconf 87' lang='lat' dir='ltr'><strong>Nate,</strong></span> <span class='ocrx_word' id='word_1_191' title='bbox 493 2731 596 2783; x_wconf 82' lang='lat' dir='ltr'><strong>refcrsi</strong></span> <span class='ocrx_word' id='word_1_192' title='bbox 619 2730 670 2783; x_wconf 85' lang='lat' dir='ltr'><strong>boc</strong></span> <span class='ocrx_word' id='word_1_193' title='bbox 688 2747 747 2783; x_wconf 87' lang='lat' dir='ltr'><strong>sum</strong></span> <span class='ocrx_word' id='word_1_194' title='bbox 764 2734 894 2800; x_wconf 87' lang='lat' dir='ltr'><strong>terraque</strong></span> <span class='ocrx_word' id='word_1_195' title='bbox 911 2731 1035 2808; x_wconf 83' lang='lat' dir='ltr'><strong>marique</strong></span> <span class='ocrx_word' id='word_1_196' title='bbox 1052 2735 1165 2788; x_wconf 83' lang='lat' dir='ltr'><strong>secutal</strong></span> 
     </span>
     <span class='ocr_line' id='line_1_31' title="bbox 395 2806 1131 2875; baseline 0.004 -15"><span class='ocrx_word' id='word_1_197' title='bbox 395 2806 485 2875; x_wconf 80' lang='lat' dir='ltr'><strong>Figite</strong></span> <span class='ocrx_word' id='word_1_198' title='bbox 502 2822 554 2872; x_wconf 91' lang='lat' dir='ltr'><strong>me,</strong></span> <span class='ocrx_word' id='word_1_199' title='bbox 572 2806 595 2858; x_wconf 86' lang='lat' dir='ltr'><strong>si</strong></span> <span class='ocrx_word' id='word_1_200' title='bbox 613 2822 668 2874; x_wconf 88' lang='lat' dir='ltr'><strong>qua</strong></span> <span class='ocrx_word' id='word_1_201' title='bbox 684 2808 728 2860; x_wconf 88' lang='lat' dir='ltr'><strong>est</strong></span> <span class='ocrx_word' id='word_1_202' title='bbox 744 2807 841 2875; x_wconf 85' lang='lat' dir='ltr'><strong>pietas,</strong></span> <span class='ocrx_word' id='word_1_203' title='bbox 858 2808 886 2860; x_wconf 90' lang='lat' dir='ltr'><strong>in</strong></span> <span class='ocrx_word' id='word_1_204' title='bbox 903 2824 948 2861; x_wconf 91' lang='lat' dir='ltr'><strong>me</strong></span> <span class='ocrx_word' id='word_1_205' title='bbox 959 2807 1055 2860; x_wconf 88' lang='lat' dir='ltr'><strong>&#39;omnia</strong></span> <span class='ocrx_word' id='word_1_206' title='bbox 1072 2808 1131 2863; x_wconf 82' lang='lat' dir='ltr'><strong>tela</strong></span> 
     </span>
     <span class='ocr_line' id='line_1_32' title="bbox 395 2882 1152 2951; baseline 0.001 -15"><span class='ocrx_word' id='word_1_207' title='bbox 395 2882 535 2950; x_wconf 80' lang='lat' dir='ltr'><strong>Goniioite,</strong></span> <span class='ocrx_word' id='word_1_208' title='bbox 554 2898 570 2935; x_wconf 95' lang='lat' dir='ltr'><strong>o</strong></span> <span class='ocrx_word' id='word_1_209' title='bbox 589 2882 694 2949; x_wconf 79' lang='lat' dir='ltr'><strong>Eutrdi,</strong></span> <span class='ocrx_word' id='word_1_210' title='bbox 711 2899 757 2936; x_wconf 92' lang='lat' dir='ltr'><strong>me</strong></span> <span class='ocrx_word' id='word_1_211' title='bbox 773 2882 891 2951; x_wconf 90' lang='lat' dir='ltr'><strong>primam</strong></span> <span class='ocrx_word' id='word_1_212' title='bbox 909 2882 1046 2937; x_wconf 89' lang='lat' dir='ltr'><strong>absumite</strong></span> <span class='ocrx_word' id='word_1_213' title='bbox 1062 2883 1152 2951; x_wconf 80' lang='lat' dir='ltr'><strong>ferr03</strong></span> 
     </span>
     <span class='ocr_line' id='line_1_33' title="bbox 396 2958 1241 3027; baseline 0.004 -15"><span class='ocrx_word' id='word_1_214' title='bbox 396 2961 455 3012; x_wconf 91' lang='lat' dir='ltr'><strong>Aut</strong></span> <span class='ocrx_word' id='word_1_215' title='bbox 472 2962 511 3027; x_wconf 90' lang='lat' dir='ltr'><strong>tu,</strong></span> <span class='ocrx_word' id='word_1_216' title='bbox 529 2974 627 3025; x_wconf 86' lang='lat' dir='ltr'><strong>magne</strong></span> <span class='ocrx_word' id='word_1_217' title='bbox 645 2961 725 3025; x_wconf 89' lang='lat' dir='ltr'><strong>pater</strong></span> <span class='ocrx_word' id='word_1_218' title='bbox 742 2958 843 3025; x_wconf 88' lang='lat' dir='ltr'><strong>divom,</strong></span> <span class='ocrx_word' id='word_1_219' title='bbox 860 2958 997 3024; x_wconf 85' lang='lat' dir='ltr'><strong>miserere,</strong></span> <span class='ocrx_word' id='word_1_220' title='bbox 1015 2961 1121 3027; x_wconf 88' lang='lat' dir='ltr'><strong>tuoque</strong></span> <span class='ocrx_word' id='word_1_221' title='bbox 1206 2974 1241 3015; x_wconf 71' lang='lat' dir='ltr'><strong>aa</strong></span> 
     </span>
     <span class='ocr_line' id='line_1_34' title="bbox 395 3033 1102 3102; baseline 0 -15"><span class='ocrx_word' id='word_1_222' title='bbox 395 3034 517 3087; x_wconf 89' lang='lat' dir='ltr'><strong>Invisum</strong></span> <span class='ocrx_word' id='word_1_223' title='bbox 535 3034 585 3087; x_wconf 93' lang='lat' dir='ltr'><strong>hoc</strong></span> <span class='ocrx_word' id='word_1_224' title='bbox 603 3033 721 3097; x_wconf 88' lang='lat' dir='ltr'><strong>detrude</strong></span> <span class='ocrx_word' id='word_1_225' title='bbox 738 3036 822 3102; x_wconf 89' lang='lat' dir='ltr'><strong>caput</strong></span> <span class='ocrx_word' id='word_1_226' title='bbox 838 3034 889 3086; x_wconf 86' lang='lat' dir='ltr'><strong>sub</strong></span> <span class='ocrx_word' id='word_1_227' title='bbox 907 3034 1022 3088; x_wconf 84' lang='lat' dir='ltr'><strong>Tartara</strong></span> <span class='ocrx_word' id='word_1_228' title='bbox 1038 3034 1102 3101; x_wconf 74' lang='lat' dir='ltr'><strong>telq</strong></span> 
     </span>
     <span class='ocr_line' id='line_1_35' title="bbox 395 3108 1183 3178; baseline 0.003 -15"><span class='ocrx_word' id='word_1_229' title='bbox 395 3110 510 3173; x_wconf 85' lang='lat' dir='ltr'><strong>Quando</strong></span> <span class='ocrx_word' id='word_1_230' title='bbox 527 3109 608 3164; x_wconf 88' lang='lat' dir='ltr'><strong>aliter</strong></span> <span class='ocrx_word' id='word_1_231' title='bbox 625 3125 732 3177; x_wconf 89' lang='lat' dir='ltr'><strong>nequeo</strong></span> <span class='ocrx_word' id='word_1_232' title='bbox 750 3109 890 3162; x_wconf 88' lang='lat' dir='ltr'><strong>crudelem</strong></span> <span class='ocrx_word' id='word_1_233' title='bbox 907 3108 1071 3178; x_wconf 87' lang='lat' dir='ltr'><strong>abrumpere</strong></span> <span class='ocrx_word' id='word_1_234' title='bbox 1087 3110 1183 3165; x_wconf 80' lang='lat' dir='ltr'><strong>vitam</strong></span> 
     </span>
     <span class='ocr_line' id='line_1_36' title="bbox 396 3185 1158 3254; baseline 0.003 -15"><span class='ocrx_word' id='word_1_235' title='bbox 396 3186 457 3239; x_wconf 91' lang='lat' dir='ltr'><strong>Hoc</strong></span> <span class='ocrx_word' id='word_1_236' title='bbox 474 3186 541 3239; x_wconf 88' lang='lat' dir='ltr'><strong>fletu</strong></span> <span class='ocrx_word' id='word_1_237' title='bbox 559 3185 681 3239; x_wconf 89' lang='lat' dir='ltr'><strong>concussi</strong></span> <span class='ocrx_word' id='word_1_238' title='bbox 699 3185 790 3252; x_wconf 88' lang='lat' dir='ltr'><strong>animi,</strong></span> <span class='ocrx_word' id='word_1_239' title='bbox 808 3190 983 3254; x_wconf 87' lang='lat' dir='ltr'><strong>maestusque</strong></span> <span class='ocrx_word' id='word_1_240' title='bbox 999 3202 1050 3253; x_wconf 88' lang='lat' dir='ltr'><strong>per</strong></span> <span class='ocrx_word' id='word_1_241' title='bbox 1067 3187 1158 3241; x_wconf 84' lang='lat' dir='ltr'><strong>omnis</strong></span> 
     </span>
     <span class='ocr_line' id='line_1_37' title="bbox 396 3261 1131 3329; baseline 0.004 -15"><span class='ocrx_word' id='word_1_242' title='bbox 396 3262 425 3314; x_wconf 92' lang='lat' dir='ltr'><strong>lt</strong></span> <span class='ocrx_word' id='word_1_243' title='bbox 441 3263 575 3329; x_wconf 80' lang='lat' dir='ltr'><strong>gemitus3</strong></span> <span class='ocrx_word' id='word_1_244' title='bbox 597 3264 709 3329; x_wconf 87' lang='lat' dir='ltr'><strong>torpent</strong></span> <span class='ocrx_word' id='word_1_245' title='bbox 725 3261 858 3315; x_wconf 85' lang='lat' dir='ltr'><strong>infractae</strong></span> <span class='ocrx_word' id='word_1_246' title='bbox 875 3261 912 3315; x_wconf 89' lang='lat' dir='ltr'><strong>ad</strong></span> <span class='ocrx_word' id='word_1_247' title='bbox 928 3261 1032 3329; x_wconf 87' lang='lat' dir='ltr'><strong>proelia</strong></span> <span class='ocrx_word' id='word_1_248' title='bbox 1049 3262 1131 3317; x_wconf 81' lang='lat' dir='ltr'><strong>virea</strong></span> 
     </span>
     <span class='ocr_line' id='line_1_38' title="bbox 384 3336 1242 3394; baseline 0.005 -5"><span class='ocrx_word' id='word_1_249' title='bbox 384 3336 468 3392; x_wconf 88' lang='lat' dir='ltr'><strong>Illam</strong></span> <span class='ocrx_word' id='word_1_250' title='bbox 486 3337 683 3394; x_wconf 86' lang='lat' dir='ltr'><strong>incendentem</strong></span> <span class='ocrx_word' id='word_1_251' title='bbox 700 3337 791 3391; x_wconf 83' lang='lat' dir='ltr'><strong>luctus</strong></span> <span class='ocrx_word' id='word_1_252' title='bbox 809 3337 910 3390; x_wconf 85' lang='lat' dir='ltr'><strong>idaeus</strong></span> <span class='ocrx_word' id='word_1_253' title='bbox 927 3341 957 3390; x_wconf 89' lang='lat' dir='ltr'><strong>et</strong></span> <span class='ocrx_word' id='word_1_254' title='bbox 974 3338 1063 3391; x_wconf 85' lang='lat' dir='ltr'><strong>Actor</strong></span> <span class='ocrx_word' id='word_1_255' title='bbox 1208 3352 1242 3393; x_wconf 77' lang='lat' dir='ltr'><strong>aa</strong></span> 
     </span>
     <span class='ocr_line' id='line_1_39' title="bbox 371 3412 1060 3474; baseline -0.004 -9"><span class='ocrx_word' id='word_1_256' title='bbox 371 3412 479 3471; x_wconf 83' lang='lat' dir='ltr'><strong>Ilionei</strong></span> <span class='ocrx_word' id='word_1_257' title='bbox 497 3419 614 3474; x_wconf 88' lang='lat' dir='ltr'><strong>monitu</strong></span> <span class='ocrx_word' id='word_1_258' title='bbox 632 3422 662 3474; x_wconf 87' lang='lat' dir='ltr'><strong>et</strong></span> <span class='ocrx_word' id='word_1_259' title='bbox 681 3416 805 3472; x_wconf 84' lang='lat' dir='ltr'><strong>multum</strong></span> <span class='ocrx_word' id='word_1_260' title='bbox 815 3412 987 3468; x_wconf 74' lang='lat' dir='ltr'><strong>lacrimantia</strong></span> <span class='ocrx_word' id='word_1_261' title='bbox 998 3412 1060 3463; x_wconf 68' lang='lat' dir='ltr'><strong>idi</strong></span> 
     </span>
     <span class='ocr_line' id='line_1_40' title="bbox 359 3486 1166 3571; baseline 0.009 -28"><span class='ocrx_word' id='word_1_262' title='bbox 359 3488 549 3568; x_wconf 72' lang='lat' dir='ltr'><strong>Gompumt,</strong></span> <span class='ocrx_word' id='word_1_263' title='bbox 564 3499 712 3571; x_wconf 87' lang='lat' dir='ltr'><strong>interque</strong></span> <span class='ocrx_word' id='word_1_264' title='bbox 729 3510 834 3551; x_wconf 85' lang='lat' dir='ltr'><strong>manus</strong></span> <span class='ocrx_word' id='word_1_265' title='bbox 853 3489 908 3544; x_wconf 83' lang='lat' dir='ltr'><strong>sub</strong></span> <span class='ocrx_word' id='word_1_266' title='bbox 921 3489 1003 3542; x_wconf 74' lang='lat' dir='ltr'><strong>tecta</strong></span> <span class='ocrx_word' id='word_1_267' title='bbox 1014 3486 1166 3550; x_wconf 44' lang='lat' dir='ltr'><strong>*viimi*</strong></span> 
     </span>
     <span class='ocr_line' id='line_1_41' title="bbox 345 3560 1221 3636; baseline 0.014 -11"><span class='ocrx_word' id='word_1_268' title='bbox 345 3585 352 3626; x_wconf 78' lang='grc'><strong>,’</strong></span> <span class='ocrx_word' id='word_1_269' title='bbox 384 3572 438 3629; x_wconf 80' lang='lat' dir='ltr'><strong>At</strong></span> <span class='ocrx_word' id='word_1_270' title='bbox 456 3576 539 3634; x_wconf 79' lang='lat' dir='ltr'><strong>tuba</strong></span> <span class='ocrx_word' id='word_1_271' title='bbox 560 3578 743 3636; x_wconf 85' lang='lat' dir='ltr'><strong>terribilem</strong></span> <span class='ocrx_word' id='word_1_272' title='bbox 764 3572 900 3630; x_wconf 83' lang='lat' dir='ltr'><strong>sonitum</strong></span> <span class='ocrx_word' id='word_1_273' title='bbox 913 3560 1017 3636; x_wconf 44' lang='grc' dir='ltr'><strong>ΨΜ</strong></span> <span class='ocrx_word' id='word_1_274' title='bbox 1029 3571 1100 3611; x_wconf 47' lang='lat' dir='ltr'><strong>W*</strong></span> <span class='ocrx_word' id='word_1_275' title='bbox 1114 3569 1221 3609; x_wconf 57' lang='lat' dir='ltr'><strong>mm</strong></span> 
     </span>
    </p>
   </div>
   <div class='ocr_carea' id='block_1_3' title="bbox 0 0 1629 4159">
    <p class='ocr_par' dir='ltr' id='par_1_3' title="bbox 0 0 1629 4159">
     <span class='ocr_line' id='line_1_42' title="bbox 0 0 1629 4159; baseline 0 0"><span class='ocrx_word' id='word_1_276' title='bbox 0 0 1629 4159; x_wconf 95' lang='lat' dir='ltr'><strong> </strong></span> 
     </span>
    </p>
   </div>
  </div>
 </body>
</html>
