3242 4159
615 754 645 803 P.
661 751 818 801 VERGILI
835 751 1001 800 MARONIS

587 897 1037 978 GEORGICON

655 1084 774 1139 LIBER
798 1083 967 1139 TERTIUS.

768 1280 867 1310 ...4-

386 1427 427 1482 'fs
445 1443 563 1497 quoque,
580 1444 679 1497 magna
696 1434 784 1500 Pales,
802 1435 832 1487 et
848 1434 878 1485 te
895 1433 1070 1485 memorande
1087 1446 1218 1485 canemus

386 1502 486 1557 Pastor
497 1503 538 1576 „ab
557 1504 721 1574 Amphryso,
738 1523 794 1574 vos,
813 1507 897 1561 silvae
914 1522 1062 1574 manesque
1080 1505 1188 1575 Lyoae'u

385 1580 493 1647 Cetera,
512 1595 583 1647 quae
601 1596 698 1635 vacuas
715 1583 870 1637 tenuissent
887 1582 1007 1657 carmine
1023 1585 1139 1651 mentes,

386 1656 484 1711 Omnia
502 1655 556 1711 iam
574 1655 694 1723 volgata:
713 1658 774 1727 quis
791 1661 841 1712 aut
859 1657 1013 1726 Eurysthea
1030 1657 1139 1729 durum²

385 1734 445 1787 Aut
463 1731 596 1787 inlaudati
614 1734 702 1787 nescit
719 1734 856 1789 Busiridis
873 1735 951 1788 arast
1234 1754 1247 1796 a

385 1809 436 1863 Oui
454 1825 507 1861 non
527 1808 617 1862 dictus
637 1810 723 1878 Hylas
740 1827 811 1880 puer
829 1813 858 1864 et
876 1810 991 1864 Latonia
1009 1808 1100 1873 Delos,

385 1884 625 1954 Hippodameque,
642 1886 811 1955 humeroque
830 1886 930 1956 Pelops
947 1886 1061 1953 insignis
1079 1885 1192 1953 eburno,

385 1962 460 2015 Acer
479 1961 573 2028 equist
609 1961 781 2030 Temptanda
797 1963 842 2018 ria
859 1966 912 2031 est,
929 1978 985 2032 qua
1001 1977 1046 2016 me
1064 1977 1174 2031 quoque

455 2052 557 2105 possim

386 2111 493 2166 'follere
511 2112 594 2168 humo
612 2115 753 2186 victorque
771 2116 861 2172 virum
878 2115 993 2170 volitare
1011 2130 1062 2184 per
1079 2129 1136 2167 ora.

386 2187 495 2243 Primus
514 2206 564 2258 ego
582 2190 611 2244 in
628 2192 745 2260 patriam
763 2209 877 2260 meeum,
895 2191 977 2245 modo
993 2190 1051 2245 vita
1069 2189 1197 2259 supersit,
1218 2202 1243 2242 ro

385 2264 476 2319 Aonio
495 2266 605 2321 rediens
623 2267 758 2322 deducam
775 2268 885 2322 vertico-
897 2268 998 2332 Musas,

386 2340 496 2396 Primus
516 2342 662 2397 Idumaeas
680 2344 798 2398 referam
815 2343 875 2409 tibi,
893 2343 1015 2411 Mantua,
1032 2341 1146 2411 palmas,

386 2418 423 2475 Et
440 2418 520 2472 viridi
537 2420 565 2473 iu
585 2437 681 2489 eampo
699 2420 835 2489 templum
853 2421 889 2473 de
906 2434 1041 2472 marmore
1057 2434 1157 2487 ponam

386 2493 505 2564 Propter
524 2512 630 2565 aquam,
649 2496 737 2550 tardis
754 2497 851 2564 ingens
868 2495 915 2549 ubi
932 2494 1048 2548 flexibus
1066 2497 1142 2547 errat

386 2570 502 2625 Mincius
521 2575 551 2626 et
568 2576 665 2627 tenera
682 2573 821 2641 praetexit
838 2571 969 2625 arundine
987 2570 1067 2639 ripas.
1219 2584 1244 2623 16

387 2648 421 2701 Iu
439 2648 530 2702 medio
549 2648 617 2701 mihi
637 2648 738 2701 Caesar
755 2649 818 2715 erit,
837 2648 1024 2717 templumque
1041 2645 1156 2701 tenebit

386 2724 432 2778 Illi
449 2724 537 2778 vietor
555 2741 606 2793 ego
625 2727 654 2778 et
672 2725 751 2792 Tyrio
769 2729 931 2794 conspectus
948 2724 976 2777 iu
994 2725 1069 2777 ostro

387 2800 505 2855 Centum
524 2801 700 2870 quadriiugos
718 2800 829 2869 agitabo
846 2800 882 2854 ad
900 2800 1011 2853 flumina
1027 2816 1137 2865 cunus3

387 2877 492 2932 Cuncta
510 2878 584 2946 mihi,
605 2878 743 2947 Alpheum
762 2878 887 2947 linquens
904 2877 1034 2946 lucosque
1052 2874 1194 2938 Molorchi,

387 2955 516 3010 Cursibus
535 2960 565 3011 et
584 2954 669 3009 orudo
687 2955 819 3009 decernet
836 2954 950 3008 Graecia
967 2954 1066 3007 caestu
1221 2965 1246 3004 ao

387 3031 458 3101 Ipse,
476 3036 558 3104 eaput
576 3034 672 3087 tonsae
689 3032 761 3085 foliis
780 3034 892 3085 ornatus
909 3030 1005 3097 olivae,

386 3109 466 3164 Dona
482 3112 576 3167 ieram.
616 3109 676 3163 Iam
693 3125 765 3162 nuno
783 3107 921 3161 sollemnis
940 3106 1042 3160 ducere
1058 3119 1174 3174 pompas

388 3187 434 3241 Ad
452 3187 567 3243 delubra
585 3189 662 3243 iuvat
679 3202 829 3254 caesosque
847 3183 941 3238 videre
959 3182 1095 3247 iuvencos

387 3262 437 3315 Vol
455 3282 555 3321 scaena
572 3269 604 3321 ut
621 3264 707 3319 versis
725 3262 849 3316 discedat
865 3259 1009 3326 frontibus,
1027 3261 1114 3327 utquo

350 3337 518 3405 ¹Purpurea
536 3343 643 3399 intexti
662 3342 764 3399 tollant
783 3339 883 3395 aulaea
896 3336 1036 3392 Britauu'u

348 3408 525 3471 lusoribus
544 3438 677 3490 pugnam
700 3440 738 3478 ex
756 3436 829 3476 auro
849 3415 999 3481 soiidoquo
1017 3408 1166 3472 eiepuamto

342 3481 550 3553 Gfflffl'dum
570 3497 687 3557 faciam
709 3498 899 3565 victorisque
915 3502 1001 3547 artua
1017 3481 1144 3547 ΨΜ»
