3242 4159
621 522 829 573 GEORGIOON
846 525 915 576 LIB.
934 526 976 575 IV
977 564 985 577 .
1202 532 1230 583 81

371 602 490 660 Inferias
510 601 613 673 Orphei
633 604 756 657 Lethaea
773 622 911 675 papavera
928 608 1030 678 mittes,
1196 626 1231 666 aar

371 682 409 735 ut
427 682 532 748 nigram
550 681 684 733 mactabis
706 699 792 750 ovem,
811 682 957 753 lucumque
975 686 1089 753 revises3

371 759 514 812 Placatam
533 756 687 826 Eurydicen
709 759 794 812 vitrda
813 759 978 815 venerabere
995 778 1081 818 mesa

409 834 494 888 Haud
512 850 604 901 mora;
623 836 751 890 continuo
772 836 868 890 matris
886 843 1033 908 praccepta
1049 839 1174 907 facessit;

373 912 423 966 Ad
440 911 555 965 delubra
572 913 654 981 veuit,
675 917 842 983 monstratas
861 916 964 969 excitat
981 932 1049 983 aras,

374 988 511 1053 Quattuor
529 990 643 1042 eximios
661 990 814 1058 praestanti
833 1008 946 1061 corpore
963 994 1056 1045 tauros
1194 1007 1231 1046 ete

373 1065 463 1133 Ducit,
482 1069 511 1118 et
528 1066 632 1119 intacta
653 1067 769 1121 tetidem
789 1069 894 1122 cervice
911 1069 1043 1122 iuvencas„

374 1142 448 1209 Post,
467 1142 514 1195 ubi
532 1160 603 1196 nona
622 1160 684 1196 sues
705 1145 814 1198 Aurora
831 1145 977 1198 induxerat
995 1148 1080 1212 emus,

374 1219 490 1271 Inferias
509 1218 612 1287 Orphei
632 1220 726 1287 mittit,
745 1220 890 1289 lucumque
909 1220 1009 1273 revisit.

375 1294 429 1348 Hie
446 1312 511 1349 vere
531 1295 651 1349 subitum
670 1312 702 1349 ac
720 1296 795 1350 dictu
815 1296 939 1350 mirabile
956 1300 1108 1351 monstrum

375 1372 527 1441 Aspieiunt,
546 1373 693 1441 liquefacta
710 1371 793 1426 boum
810 1389 861 1441 per
880 1374 982 1427 viscera
999 1375 1058 1426 tcto
1138 1441 1143 1449 .
1192 1386 1229 1427 tut

374 1448 499 1502 Stridet-c
517 1452 680 1517 apes'uterc
698 1451 728 1502 ct
744 1450 834 1517 ruptis
852 1449 983 1503 effervere
1000 1449 1090 1515 costis,

375 1531 572 1595 Inmensaaque
590 1526 661 1578 trahi
678 1524 772 1593 nubes,
789 1525 899 1595 iamque
916 1525 1014 1579 arbore
1032 1541 1137 1579 summa

375 1604 520 1658 Confluere
538 1605 567 1655 et
585 1601 667 1654 lentis
685 1617 766 1653 uvam
785 1600 933 1655 demittere
950 1602 1039 1656 ramis.

411 1758 489 1810 Hace
505 1771 586 1822 super
604 1771 729 1807 arvorum
747 1754 823 1807 cultu
840 1769 1023 1823 pecorumque
1039 1754 1169 1808 canebam

375 1835 413 1887 Et
431 1848 513 1901 super
529 1829 678 1895 arboribus,
698 1830 798 1882 Cacsar
815 1830 881 1882 dum
892 1845 1006 1897 magnus
1020 1829 1056 1892 ad
1070 1830 1156 1905 altum
1190 1846 1228 1885 teu

376 1908 514 1963 Fulminat
532 1905 690 1973 Euphraten
709 1904 788 1970 belle,
806 1906 947 1975 victorque
965 1905 1081 1960 volentia
1189 1925 1191 1929 ¹

376 1984 430 2039 Per
447 1983 561 2053 populos
580 1980 628 2032 dat
645 1982 711 2050 iura,
730 1982 856 2050 viamque
875 1981 996 2035 adfectat
1015 1981 1136 2053 Olympo.

376 2062 428 2115 Ille
446 2059 599 2127 Vergilium
617 2075 662 2111 me
680 2061 803 2127 tempore
823 2058 909 2113 duleis
927 2058 1019 2112 alebat

376 2135 557 2204 Parthenope,
575 2135 673 2187 studiis
692 2134 835 2204 florentem
852 2134 978 2205 ignobilis
996 2135 1043 2202 oti,

377 2214 503 2270 Cannina
521 2212 567 2280 qui
584 2212 635 2264 lusi
652 2201 806 2278 pactorumb
818 2213 961 2282 audaxque
979 2211 1096 2299 iuventa,
1113 2191 1125 2311 b
1188 2226 1225 2267 aaa

375 2292 477 2359 Tityre,
494 2290 524 2342 tc
540 2287 651 2355 patulae
667 2286 752 2340 cecini
769 2251 821 2341 uu'b
837 2288 958 2357 tegmine
975 2286 1039 2355 fagr.
