3242 4159
656 527 841 577 murrinos
857 526 929 577 nia.
948 525 997 576 vl.
1088 592 1090 595 1
1204 531 1250 579 193

401 608 531 678 Quisquis
549 624 587 676 cs,
606 611 727 663 armatus
745 606 794 676 qui
810 610 906 663 nostra
922 605 960 662 ¹ad
976 608 1089 663 flumina
1106 609 1206 679 tendis,
1237 680 1239 685 .

400 689 472 742 Fare
483 702 542 755 age,
556 684 623 755 quid
636 685 736 751 venias,
747 685 803 738 iam
815 684 904 750 istinc,
917 688 946 740 et
958 686 1107 754 comprime
1118 703 1250 754 gressum

398 761 623 819 Umbrarumhic
635 761 709 815 locus
722 764 772 829 cst,
785 760 879 815 Somni
890 761 1042 830 Noctisque
1053 778 1167 831 soporae
1174 782 1181 829 ;
1214 777 1252 817 sco

400 841 522 907 Corpora
539 837 601 892 vira
618 837 695 891 nefas
712 835 808 906 Stygia
824 839 936 891 vectare
952 837 1050 893 carina

399 918 426 971 N
428 932 459 970 cc
476 930 542 969 vero
561 912 679 968 Alciden
697 928 741 966 me
759 929 821 967 sum
838 912 957 967 laetatus
974 916 1086 967 euntem

400 991 549 1059 Accepisse
566 989 634 1057 lacu,
652 1005 702 1043 neo
721 988 827 1043 'l'hcsca
845 988 1061 1059 Pirithoumque,

399 1068 449 1121 Dis
467 1081 633 1134 quamquam
650 1063 737 1133 geniti
754 1067 840 1133 atquc
857 1064 950 1118 invicti
968 1066 1072 1119 viribus
1089 1067 1189 1121 essent

398 1144 560 1198 Tartareum
577 1141 624 1195 ille
641 1156 724 1194 manu
741 1140 884 1195 custodem
902 1141 929 1195 in
947 1142 1035 1196 vincla
1045 1142 1157 1211 petivit,
1214 1156 1251 1197 aas

399 1220 492 1289 Ipsius
509 1235 526 1272 a
543 1219 611 1272 solio
628 1218 707 1285 regis,
726 1216 869 1285 traxitque
886 1220 1067 1284 trementem3

399 1296 440 1350 Hi
458 1294 595 1348 dominam
613 1293 687 1347 Ditis
704 1291 826 1346 thalamo
845 1292 983 1347 deducere
1000 1293 1099 1348 adorti.

399 1372 477 1433 Quae
494 1373 590 1425 contra
607 1369 730 1423 breviter
746 1370 805 1422 fata
823 1371 867 1422 est
885 1369 1051 1438 Amphrysia
1067 1371 1160 1424 rates:

397 1448 425 1503 N
427 1448 499 1502 ullae
516 1447 561 1501 hic
578 1446 694 1499 insidiae
710 1445 797 1511 talcs;
815 1445 919 1499 absiste
936 1445 1055 1512 moreri;

397 1523 459 1578 Nec
476 1522 531 1576 rim
548 1522 605 1577 tela
621 1522 731 1587 ferunt3
747 1521 813 1575 licet
829 1520 926 1590 ingens
943 1522 1044 1577 ianitor
1061 1524 1140 1577 antro
1214 1535 1251 1577 ooo

398 1601 553 1655 Aeternum
570 1598 674 1653 latrans
692 1597 839 1665 exsanguis
856 1600 962 1652 terreat
979 1598 1099 1668 umbras,

398 1676 483 1731 Casta
500 1675 566 1728 lieet
582 1674 675 1743 patrui
693 1677 785 1727 servet
803 1673 969 1743 Proserpina
986 1674 1077 1728 limen.

397 1752 495 1805 Troius
514 1752 631 1818 Aeneas,
647 1750 753 1818 pietate
771 1749 884 1816 insignis
901 1752 931 1803 et
948 1750 1038 1818 armis,

398 1826 448 1882 Ad
464 1830 616 1895 genitorem
633 1826 702 1881 imas
720 1824 804 1879 Erebi
822 1824 965 1879 deseendit
983 1825 1019 1879 ad
1036 1826 1154 1880 umbras.

397 1903 428 1958 si
445 1907 475 1957 te
492 1902 567 1956 nulla
584 1905 678 1955 moret
695 1904 790 1955 tantae
807 1900 920 1970 pictatis
938 1900 1036 1969 imago,
1212 1918 1249 1957 sos

397 1980 441 2034 At
458 1995 563 2032 ramum
581 1977 778 2046 hunc—aperit
795 1993 909 2045 ramum,
927 1977 974 2046 qui
991 1980 1069 2033 veste
1086 1979 1228 2036 latebat—

397 2054 568 2122 Adgnoscas.
604 2053 721 2107 'l'umida
738 2069 772 2106 ex
790 2053 832 2106 ira
849 2055 910 2107 tum
927 2054 1012 2107 corda
1029 2055 1161 2111 residunt

397 2130 425 2184 N
427 2147 458 2185 ec
475 2129 554 2198 plura
571 2129 619 2183 his.
656 2129 709 2183 Ille
727 2128 867 2183 admirans
884 2130 1041 2184 venerabile
1058 2131 1161 2186 donum

397 2206 503 2261 Fatalis
520 2206 621 2273 uirgae,
639 2204 720 2273 longo
737 2208 799 2273 post
817 2207 944 2274 tempore
962 2206 1056 2273 visum,

398 2282 559 2337 anruleam
576 2280 698 2335 advertit
715 2280 836 2349 puppim,
855 2281 985 2349 ripaeque
1002 2283 1177 2351 propinquat.
1212 2297 1249 2336 aro

397 2357 471 2412 Inde
488 2357 555 2410 alias
573 2357 683 2422 animas,
702 2372 774 2425 quae
791 2371 842 2425 per
859 2356 923 2424 iuga
940 2356 1022 2425 longa
1040 2358 1182 2427 sedebant,

396 2432 543 2501 Deturbat,
561 2431 691 2501 laxatque
702 2432 790 2495 foros;
807 2432 887 2485 simul
905 2432 1004 2500 accipit
1021 2432 1098 2486 alveo

397 2509 545 2577 Ingentem
556 2507 685 2563 Aenean.
721 2506 834 2562 Gemuit
852 2505 903 2559 sub
920 2507 1045 2577 pondere
1059 2507 1156 2576 cymba

396 2585 499 2651 Sutilis
517 2587 547 2639 et
563 2584 679 2638 multam
697 2583 802 2652 accepit
821 2582 922 2636 rimosa
938 2583 1074 2651 paludem.

396 2660 519 2715 'landem
536 2663 614 2713 trans
631 2659 743 2713 flurium
760 2658 902 2713 incolumis
919 2662 1065 2727 vatemque
1082 2666 1225 2731 virumque

397 2736 515 2791 Informi
531 2736 597 2789 limo
615 2736 765 2804 glaucaque
782 2735 896 2805 exponit
913 2735 942 2789 in
959 2736 1030 2791 ulva

433 2812 569 2867 Cerberus
586 2812 654 2866 haec
671 2812 767 2880 ingens
784 2812 889 2867 latratu
905 2828 992 2880 regna
1009 2812 1117 2868 trifauci

396 2889 539 2955 Personat,
558 2888 673 2942 adverso
691 2887 825 2942 recubans
842 2889 959 2942 inmanis
975 2889 1002 2941 in
1019 2893 1107 2944 antro.

396 2964 448 3019 Cui
466 2968 550 3029 vates,
567 2964 680 3018 horrere
697 2964 793 3018 ridens
810 2965 866 3017 iam
883 2965 952 3019 colla
969 2965 1093 3030 oolubrls,

395 3040 482 3096 Melle
500 3043 655 3109 soporatam
673 3043 702 3093 ct
719 3040 864 3093 medicatis
881 3040 1007 3108 frugibus
1025 3040 1106 3093 offam
1209 3055 1247 3096 sao

396 3116 507 3172 Obiicit.
544 3117 596 3171 Ille
613 3117 685 3170 fame
702 3115 800 3169 rabida
817 3116 871 3169 tria
888 3119 1003 3183 guttura
1019 3116 1142 3184 pandens

396 3192 519 3263 corripit
536 3193 678 3259 obiectam,
696 3196 780 3261 atque
797 3192 917 3245 inmania
933 3193 1014 3259 terga
1030 3190 1144 3245 resolvit

396 3271 487 3325 Fusus
504 3270 588 3337 humi,
606 3272 721 3338 totoque
737 3270 833 3337 ingens
851 3267 1011 3322 extenditur
1027 3269 1115 3321 antro.

396 3346 520 3415 Occupat
539 3347 649 3400 Aeneas
666 3344 773 3399 aditum
790 3343 905 3399 custode
923 3343 1040 3413 sepulto,

390 3420 548 3488 Evaditquo
564 3422 640 3476 celer
655 3422 746 3491 ripam
764 3419 955 3477 inremeabilis
970 3420 1077 3476 undae.
1228 3427 1272 3466 ὕ

416 3494 552 3547 Continuo
570 3498 689 3553 auditae
706 3516 792 3556 voces
811 3502 931 3574 vagitus
949 3504 985 3558 ct
999 3500 1110 3570 ingens

364 3562 572 3636 Insertamque
590 3572 707 3631 ammae
728 3576 840 3637 flentes
854 3580 894 3639 in
910 3578 1018 3638 limine
1035 3574 1156 3651 primu,
