3242 4159
587 521 772 573 Anumnos
788 521 859 573 nm.
877 522 928 575 κς
1126 524 1176 578 277

337 602 531 670 lnehemolum‚
549 602 684 658 thalamos
700 617 797 656 ausum
815 602 951 659 incestare
966 618 1107 659 novercae.

337 682 383 735 los
401 679 484 733 etiam
500 680 603 747 gemini
622 678 732 732 Rutulis
750 677 889 734 cecidistis
905 680 935 734 in
953 678 1032 747 arvis,
1140 693 1177 732 seo

337 756 437 824 mucia,
455 756 555 809 Laride
574 754 773 824 Thymberque,
791 755 929 811 simillima
945 756 1045 825 proles,

337 833 480 887 [ndiscreta
497 832 554 885 suis
571 835 722 900 gratusque
739 831 902 900 parentibus
919 847 1014 897 error;

337 909 367 963 lc
383 924 454 962 nuno
472 908 542 962 dura
559 906 638 963 dedit
656 907 733 961 vobis
751 906 907 964 discrimina
925 907 1031 962 Pallas:

337 986 397 1039 lam
414 983 474 1052 tibi,
493 983 635 1053 Thymbre,
652 986 736 1051 caput
753 982 910 1038 Euandrius
926 981 1043 1037 abstulit
1060 980 1153 1045 ensis;

337 1062 363 1116 le
382 1060 474 1114 decisa
490 1076 576 1127 suum,
595 1059 705 1127 Laride,
723 1059 839 1113 dextera
860 1060 976 1129 quaerit,
1140 1072 1176 1110 ses

337 1137 557 1203 lemianimesque
575 1135 678 1189 micant
693 1134 775 1203 digiti
792 1134 953 1204 ferrumque
970 1135 1130 1189 retractant

337 1212 457 1279 troadae,
476 1227 603 1265 accensos
621 1210 728 1264 monitu
745 1213 775 1263 et
792 1211 932 1278 praeclara
949 1210 1054 1265 tuentis

337 1290 412 1342 laeta
429 1287 488 1353 viri,
507 1286 610 1340 mixtus
628 1286 707 1340 dolor
724 1289 754 1339 et
770 1286 860 1355 pudor
876 1290 966 1340 armat
982 1286 1012 1339 in
1029 1283 1124 1339 hostis.

337 1366 395 1417 lum
415 1364 505 1417 Pallas
522 1361 623 1430 biiugis
640 1362 791 1430 fugientem
810 1361 936 1418 Rhoetea
952 1364 1065 1429 praeter
1110 1409 1112 1413 .

337 1440 443 1494 lraiicit
479 1439 542 1493 Hoc
559 1437 678 1508 spatium
695 1440 859 1505 tantumque
875 1453 968 1491 morae
984 1436 1039 1490 fuit
1055 1434 1115 1499 1103
1139 1449 1178 1489 soo

337 1515 369 1568 lo
387 1530 506 1583 namque
522 1514 616 1581 procul
635 1512 752 1566 validam
771 1512 913 1566 direxerat
929 1512 1050 1566 hastam:

337 1590 414 1654 luam
432 1589 539 1643 medius
559 1588 699 1642 Rhoeteus
716 1588 994 1658 intercipitoptume
1012 1587 1141 1653 uentura,

337 1666 365 1720 le
382 1666 489 1733 fugiens
506 1666 676 1733 fratremque
694 1664 799 1732 Tyren;
816 1667 953 1733 curruque
970 1663 1079 1717 volutus

337 1741 426 1795 laedit
444 1740 609 1795 semianimis
628 1740 792 1793 Rutulorum
810 1739 930 1793 calcibus
946 1755 1018 1794 arva.

337 1818 369 1871 ic
388 1816 470 1882 velut,
489 1819 582 1885 optato
600 1815 689 1869 ventis
706 1818 813 1868 aestate
830 1814 938 1882 coortis,
1140 1827 1176 1867 ωε

337 1893 458 1962 lispersa
474 1891 591 1945 inmittit
609 1891 683 1945 silvis
701 1890 827 1944 incendia
843 1893 953 1957 pestor;

337 1968 468 2038 iorreptis
486 1967 577 2021 subito
595 1966 693 2021 mediis
712 1965 873 2021 extenditur
889 1982 945 2019 uua

337 2043 449 2098 {hrrida
464 2057 515 2109 per
533 2043 604 2097 latos
622 2043 694 2097 acies
711 2042 844 2096 Volcania
860 2057 986 2111 campos3

337 2120 379 2174 {llo
397 2116 496 2174 sedens
512 2120 601 2174 victor
618 2119 740 2173 flammas
759 2119 903 2187 despectat
920 2118 1039 2175 ovantis:

337 2196 390 2250 ‚lon
406 2196 488 2250 aliter
506 2195 608 2249 socium
625 2195 713 2249 virtus
731 2195 786 2249 coit
803 2195 892 2248 omnis
909 2194 938 2247 in
955 2211 1048 2262 unum,
1141 2207 1179 2249 aro

337 2272 420 2342 fsque
436 2272 519 2338 iuvat,
539 2271 622 2325 Palla.
658 2270 714 2325 Sed
731 2269 810 2324 bellis
827 2286 891 2323 acer
909 2270 1045 2323 Halaesus

337 2347 426 2403 lendit
444 2347 472 2400 in
489 2348 626 2415 adversos,
644 2363 728 2416 seque
745 2346 773 2399 in
791 2361 841 2399 sua
857 2344 960 2413 colligit
976 2360 1060 2400 arma.

337 2425 382 2479 dic
399 2427 502 2477 mactat
520 2423 632 2477 Ladona
650 2422 823 2490 Pheretaque
841 2420 1100 2489 Demodocumquc;

337 2500 483 2568 ltrymonio
500 2498 628 2553 dextram
645 2498 762 2565 fulgenti
780 2495 883 2565 deripit
900 2511 965 2549 ense

337 2575 442 2630 ilatum
454 2575 483 2629 in
499 2573 638 2643 iugulum:
657 2589 722 2627 saxo
740 2572 805 2627 ferit
822 2588 871 2625 ora
884 2569 1028 2639 Thoantis,
1142 2583 1178 2626 41⁵

337 2651 452 2720 )ssaque
470 2650 601 2720 dispersit
618 2648 730 2703 cerebro
748 2647 886 2718 permixta
903 2650 1023 2701 cruento.

337 2729 398 2782 fata
415 2743 513 2780 canens
531 2725 605 2779 silvis
622 2724 731 2793 genitor
747 2725 851 2779 celarat
868 2723 1036 2790 Halaesum

337 2803 352 2858 J
355 2808 369 2857 t
387 2802 477 2857 senior
494 2800 552 2856 leto
569 2801 695 2855 canentia
711 2800 816 2854 lumina
833 2798 923 2867 solvit,

337 2880 453 2933 [niecere
471 2893 581 2933 manum
600 2877 709 2942 Parcae,
727 2876 847 2944 telisque
865 2877 1007 2930 sacrarunt

337 2954 458 3009 lluandri.
495 2954 582 3018 Quem
600 2953 638 3006 sic
656 2951 747 3006 Palles
763 2950 837 3021 petit
853 2954 919 3005 ante
934 2954 1075 3019 precatus:
1143 2964 1181 3001 aa)

337 3032 373 3085 ila
389 3045 468 3096 nunc,
487 3028 586 3097 Thybri
605 3032 692 3096 pater,
710 3028 790 3094 ferro,
809 3025 884 3095 quod
901 3025 1003 3079 missile
1019 3024 1097 3093 libro,

337 3108 480 3161 fortunam
497 3108 581 3173 atque
598 3104 670 3157 viam
687 3102 751 3157 duri
768 3118 819 3170 per
835 3104 932 3169 pectus
950 3099 1071 3155 Halaesi.

337 3184 409 3237 llaec
426 3197 503 3234 arma
520 3180 686 3248 exuviasque
704 3178 756 3232 viri
773 3179 823 3231 tua
839 3192 956 3244 quercus
973 3174 1094 3230 habebit.

337 3256 430 3313 audiit
447 3256 495 3310 illa
512 3255 598 3321 deus;
615 3255 682 3308 dum
699 3253 771 3308 texit
789 3252 903 3305 Imaona
921 3250 1066 3318 Halaesus,

337 3331 452 3389 nroaho
468 3331 564 3385 infelix
580 3331 637 3385 telo
654 3330 704 3384 dat
720 3332 817 3397 pectus
833 3328 978 3381 inermum.
1144 3340 1181 3379 aaa

337 3413 373 3465 nt
389 3424 444 3462 non
462 3408 549 3462 caede
562 3406 614 3462 viri
631 3409 711 3461 tanta
726 3402 880 3475 perterrita
893 3401 1018 3466 lausus„

337 3487 396 3538 ⁹ars
409 3484 508 3551 ingens
527 3483 601 3552 belli,
621 3484 690 3542 sinit
707 3481 841 3555 agmina:
856 3478 973 3551 primus
993 3473 1146 3531 amantem

337 3559 483 3627 l’poflitum
500 3562 657 3635 interimit,
674 3578 798 3637 pugnae
814 3557 993 3625 nodumque
1007 3548 1205 3604 moramque·
