3242 4159
659 527 842 577 Ammon
858 525 931 577 L1B;
947 525 1000 576 VI.
1204 524 1251 571 lae

398 609 501 665 Omnia
516 622 666 679 poenarum
684 622 846 676 percurrere
862 605 972 660 nomina
989 604 1099 675 possim.

435 686 514 740 Haec
530 685 579 737 ubi
597 684 671 737 dicta
687 683 766 736 dedit
783 681 889 735 Phoebi
906 681 1038 749 longaeva
1055 681 1196 738 sacerdos:

399 762 456 816 Sed
467 762 523 815 iam
535 776 594 828 age,
606 775 687 826 carpe
699 759 770 811 viam
783 762 813 811 et
825 761 982 826 susceptum
996 758 1207 826 perfice'munus
1214 776 1222 822 ;

400 837 605 899 acceleremus,
623 835 677 901 ait;
701 834 849 903 Cyclopum
868 834 969 888 educta
986 834 1099 887 caminis
1214 847 1252 889 eae

398 912 511 967 Moenia
527 911 663 980 conspicio
680 914 764 978 atque
781 909 898 963 adverso
915 910 1019 964 fornice
1037 914 1140 980 portas,

400 988 480 1042 Haec
496 987 545 1041 ubi
561 1003 611 1041 nos
628 989 775 1056 praecepta
792 985 889 1041 iubent
908 985 1046 1054 deponere
1063 987 1143 1041 dona.

398 1064 523 1131 Dixerat,
541 1066 570 1117 et
587 1062 699 1131 pariter,
717 1061 805 1129 gressi
823 1078 976 1131 peropaca
991 1064 1105 1131 riarum,

400 1140 559 1208 Gorripiunt
577 1139 696 1207 spatium
714 1138 845 1206 medium,
864 1139 1024 1209 foribusque
1041 1140 1234 1209 propinquant

400 1215 524 1285 Occupat
542 1216 652 1269 Aeneas
669 1214 783 1283 aditum,
802 1231 956 1284 corpusque
973 1217 1077 1270 recenti
1213 1230 1251 1271 aa

369 1293 370 1297 ’
400 1292 513 1361 Spargit
530 1307 609 1359 aqua,
627 1306 788 1359 ramumque
807 1290 922 1344 adverso
940 1292 969 1345 in
986 1292 1079 1345 limine
1095 1290 1164 1359 figit.

436 1367 489 1420 His
508 1367 617 1420 demum
635 1367 746 1433 exactis,
763 1366 886 1435 perfecto
902 1383 1016 1421 munere
1033 1367 1120 1435 divae,

400 1443 545 1497 Devenere
562 1442 636 1496 locos
653 1442 740 1495 laetos
759 1447 789 1497 et
806 1459 921 1497 amoena
937 1443 1040 1499 virecta

401 1519 615 1572 Fortunatemm
631 1534 773 1572 nemorum
791 1518 927 1588 sedesque
945 1519 1048 1574 beatas.

400 1595 516 1663 Largior
533 1594 578 1648 hic
595 1611 704 1662 campos
721 1595 819 1648 aether
837 1598 867 1649 et
884 1594 986 1651 lumine
1002 1595 1086 1651 vestit
1213 1608 1251 1649 eso

401 1671 550 1740 Purpureo,
568 1671 707 1739 solemque
726 1687 813 1738 suum,
831 1688 880 1725 sua
899 1672 989 1726 sidera
1006 1673 1114 1726 norimt.

401 1747 471 1801 Pars
487 1748 515 1800 in
533 1746 679 1815 gramineis
697 1750 827 1800 exercent
846 1746 970 1800 membra
987 1746 1138 1815 palaestris,

401 1823 578 1877 Consentiunt
595 1822 660 1875 ludo
679 1827 708 1878 et
725 1823 800 1876 fulva
820 1822 958 1875 luctantur
976 1839 1073 1888 arena3

402 1898 471 1953 Pars
488 1899 604 1968 pedibus
621 1899 755 1967 plaudunt
773 1898 885 1952 choreas
903 1901 933 1951 et
950 1897 1069 1952 carmina
1086 1898 1189 1953 dicimt.

400 1976 532 2029 Necnon
550 1975 690 2028 Threicius
708 1975 789 2042 longa
806 1990 868 2028 cum
885 1978 962 2029 veste
980 1974 1107 2029 sacerdos
1213 1989 1250 2029 ors

401 2050 569 2119 Obloquitur
586 2051 707 2104 numeris
726 2055 831 2119 septeni
853 2050 1008 2104 discrimina
1025 2066 1129 2119 vocum,

402 2126 519 2195 lamque
536 2127 632 2180 eadem
651 2126 753 2196 digitis,
762 2126 816 2180 iam
835 2128 942 2195 pectine
960 2128 1051 2196 pulsat
1068 2126 1180 2181 eburno.

401 2202 457 2256 Hic
473 2219 559 2269 genus
577 2203 721 2271 antiquum
739 2202 843 2270 Teucri,
862 2203 1044 2271 pulcherrima
1060 2202 1159 2271 proles,

401 2277 568 2345 Magnanimi
585 2278 690 2345 heroes,
708 2278 765 2332 nati
782 2278 940 2333 melioribus
956 2280 1041 2346 annis,

401 2353 516 2422 Ilusque
533 2355 739 2422 Assaracusque
758 2357 787 2407 et
805 2354 901 2408 Troiae
921 2354 1066 2407 Dardanus
1084 2357 1185 2408 auctor.
1213 2366 1250 2407 aso

401 2431 489 2481 Arma
506 2429 600 2498 procul
618 2445 767 2497 currusque
785 2429 874 2483 virum
892 2430 1008 2483 miratur
1025 2429 1120 2483 inanis.

400 2504 483 2559 Stant
500 2508 576 2559 terra
593 2505 701 2560 defixae
717 2506 820 2574 hastae,
838 2506 995 2575 passimque
1013 2505 1094 2559 soluti

401 2580 456 2634 Per
473 2597 597 2650 campum
615 2586 765 2650 pascuntur
783 2582 855 2650 equi.
894 2582 970 2645 Quae
986 2582 1076 2650 gratia
1092 2596 1220 2635 curruum

401 2658 606 2726 Armorumque
623 2658 677 2713 fuit
693 2658 769 2727 vivis,
789 2676 859 2728 quae
877 2676 943 2714 cura
959 2657 1073 2713 nitentis

401 2734 518 2788 Poscere
535 2750 627 2802 equos,
646 2735 743 2789 eadem
763 2737 888 2804 sequitur
906 2735 1005 2790 tellure
1022 2736 1154 2804 repostos
1213 2746 1249 2785 osa

400 2809 546 2879 Conspicit,
565 2827 634 2876 ecce,
652 2812 718 2865 alios
737 2811 837 2865 dextra
854 2812 987 2882 laevaque
1003 2828 1054 2882 per
1070 2809 1184 2865 herbam

398 2884 545 2940 Vescentis
562 2887 719 2956 laetumque
737 2888 820 2942 choro
842 2890 950 2943 Paeana
967 2888 1089 2944 canentis

401 2962 479 3015 Inter
497 2962 641 3018 odoratum
659 2965 730 3019 lauri
749 2983 853 3034 nemus,
872 2964 946 3019 unde
964 2980 1079 3034 superne

399 3037 539 3092 Plurimus
558 3040 670 3104 Eridani
688 3060 739 3111 per
759 3043 853 3097 silvam
872 3042 990 3095 volvitur
1006 3039 1101 3094 amnis.

398 3114 455 3168 Hic
472 3132 568 3170 manus
586 3117 622 3171 ob
639 3119 755 3187 patriam
773 3118 920 3188 pugnando
937 3117 1047 3170 volnera
1062 3112 1142 3184 passi,
1214 3126 1251 3165 ooo

398 3191 508 3258 Quique
527 3194 682 3249 sacerdotes
701 3196 777 3263 casti,
796 3194 862 3247 dum
880 3194 938 3247 vita
954 3192 1091 3256 manebat,

397 3266 506 3336 Quique
523 3270 562 3338 pii
578 3274 656 3326 uates
674 3275 704 3325 et
722 3270 832 3325 Phoebo
850 3270 934 3337 digna
950 3268 1042 3333 locuti,

397 3344 530 3398 Inventas
548 3349 598 3400 aut
616 3348 664 3417 qui
683 3348 767 3401 vitam
787 3346 929 3401 excoluere
947 3362 997 3417 per
1014 3343 1092 3411 artis,

396 3421 503 3487 Quique
519 3423 564 3474 sui
578 3440 715 3479 memores
735 3424 804 3480 alios
823 3425 916 3481 iecere
934 3420 1092 3487 maranum

383 3492 517 3547 Omnibus
532 3496 580 3551 his
597 3500 681 3555 niuea
699 3503 858 3573 cinguntur
878 3507 1019 3574 tempora
1036 3498 1128 3555 ausa.
1256 3496 1286 3534 Ψ

369 3562 446 3623 Quos
461 3569 651 3631 ercomenon
669 3578 715 3635 sic
734 3585 783 3638 est
803 3583 913 3642 aurata
929 3578 1067 3653 aimus,
