3242 4159
391 524 437 573 178
631 521 660 569 P.
679 518 833 567 VERGILI
850 518 1037 569 MARONIS*

390 602 475 670 Isque
493 600 536 653 his
555 602 669 654 Aenean
688 600 791 652 solatus
809 597 921 652 vocibus
932 597 1013 652 infit:

389 676 464 731 Nate
481 676 541 742 dea,
560 693 615 744 qno
632 676 691 729 fatu
708 676 824 729 trahunt
841 675 1051 743 retrahuntqne,
1070 693 1230 747 sequamur3

390 752 531 821 Quidquid
544 752 604 819 erit,
617 751 770 820 superanda
783 752 872 805 omnis
883 752 993 806 fortuna
1005 752 1120 807 serendo
1132 759 1184 809 est
1208 770 1241 811 ao

390 830 441 883 Est
458 828 509 882 tibi
528 828 683 880 Dardanius
701 828 809 882 divinae
828 829 922 898 stirpis
941 829 1071 883 Acestes:

390 906 472 959 Hunc
489 921 556 972 cape
573 902 690 957 consiliis
709 904 811 957 socium
830 908 859 957 et
877 904 1010 971 coniunge
1028 904 1183 973 volentem

391 982 462 1035 Huic
480 979 569 1047 trade,
587 979 693 1032 amissis
712 984 843 1047 superant
862 981 910 1049 qui
927 980 1050 1046 naribus,
1068 986 1099 1035 et
1116 1000 1187 1051 quos

390 1057 549 1111 Pertaesum
568 1055 660 1123 magni
676 1055 781 1124 incepti
799 1072 947 1124 rerumque
965 1060 1077 1110 tuarum
1097 1063 1157 1126 est;

389 1133 603 1201 Longaevosque
621 1148 700 1185 senes
717 1148 749 1185 ac
767 1131 853 1185 fessas
871 1148 990 1201 aequore
1008 1137 1122 1201 matres,
1208 1150 1241 1191 ru

389 1210 425 1263 Et
443 1208 579 1278 quidquid
597 1212 689 1262 tecum
706 1208 856 1262 invalidum
874 1212 1055 1277 metuensque
1071 1210 1170 1278 pericli
1186 1214 1234 1281 est,

389 1285 494 1354 Delige
513 1289 542 1340 et
560 1284 602 1339 his
619 1284 740 1339 habeant
758 1284 841 1338 terris
859 1284 918 1337 sine
935 1284 1043 1338 moenia
1058 1285 1142 1353 fessi3

389 1362 495 1417 Urbem
513 1361 689 1432 appellabunt
707 1361 840 1429 permisso
858 1360 966 1414 nomine
984 1363 1126 1417 Acestam.

424 1438 534 1491 Talibus
551 1439 675 1491 incensus
693 1437 775 1491 dictis
793 1437 907 1490 senioris
926 1436 1013 1505 amici,

388 1514 457 1568 'lum
475 1514 584 1570 veroin
603 1530 681 1566 cimas
699 1513 789 1566 animo
807 1513 948 1566 diducitur
965 1512 1062 1567 omnis.
1208 1527 1243 1571 m

388 1590 426 1644 Et
444 1591 506 1643 Nox
524 1594 585 1643 atra
602 1589 695 1657 polum
713 1588 785 1656 bigis
804 1588 935 1643 subvecta
951 1587 1080 1644 tenebat:

388 1665 455 1721 Visa
472 1665 570 1720 dehinc
587 1664 661 1719 caclo
680 1664 763 1718 facies
782 1664 896 1734 delapsa
912 1664 1037 1733 parentis

388 1742 526 1796 Anchisae
545 1740 636 1795 subito
653 1741 717 1794 talis
735 1740 877 1794 effimdcre
895 1757 988 1795 voccs:

387 1818 468 1886 Nate,
487 1818 553 1871 mihi
571 1819 629 1871 rita
646 1817 792 1886 quondam,
811 1816 877 1869 dum
895 1816 952 1870 vita
968 1816 1107 1884 manebat,

388 1893 458 1948 (lare
475 1896 570 1962 magis,
588 1897 660 1961 nate,
679 1893 771 1946 Iliacis
790 1892 910 1946 exercite
927 1893 998 1958 fatis,
1208 1906 1243 1950 πε

387 1970 499 2038 Inperio
518 1970 592 2023 Iovis
609 1970 663 2022 huc
680 1969 767 2035 renio,
786 1968 834 2036 qui
851 1967 982 2021 classibus
999 1967 1092 2034 ignem

387 2044 509 2113 Depulit‚
527 2048 556 2098 et
572 2045 647 2097 caelo
665 2044 778 2097 tandem
796 2044 943 2097 miseratus
960 2041 995 2095 ab
1013 2043 1069 2096 alto
1087 2047 1139 2099 est.

387 2120 513 2174 Consiliis
530 2136 604 2188 parc,
624 2136 694 2187 quae
712 2136 784 2172 nnnc
801 2118 984 2188 pulcherrima
1002 2117 1110 2172 Nautes

387 2195 443 2249 Dat
461 2195 564 2260 senior;
583 2195 668 2248 lectos
686 2194 806 2263 iuvenes,
824 2195 972 2248 fortissima
990 2195 1080 2260 corda,

387 2272 472 2327 Defcr
489 2272 517 2325 in
537 2271 662 2336 ltaliam3
682 2288 750 2339 gens
769 2271 838 2323 dura
855 2276 940 2340 atque
958 2287 1056 2338 aspera
1073 2271 1153 2326 cultu
1207 2286 1242 2331 rso

386 2348 557 2403 Debellanda
574 2348 625 2401 tibi
643 2347 723 2401 Latio
742 2351 792 2400 est.
828 2347 900 2399 Ditis
918 2350 1011 2399 tamen
1028 2349 1094 2400 ante

387 2425 512 2479 Infernas
529 2424 629 2478 accede
648 2425 750 2491 domos,
769 2426 798 2476 et
817 2424 929 2476 Averna
946 2438 996 2490 per
1014 2422 1071 2475 alta

386 2502 553 2570 Congressus
570 2506 643 2571 pete,
661 2505 732 2567 nate,
751 2517 833 2554 meos.
877 2499 939 2552 Non
957 2515 1001 2551 me
1019 2498 1105 2566 impia
1123 2516 1241 2570 namque

385 2577 499 2633 Tartara
516 2578 618 2632 habent
637 2578 765 2631 tristcsvc
784 2574 905 2643 umbrae,
923 2575 974 2628 sed
991 2589 1106 2627 amoena
1123 2577 1233 2646 piorum

386 2654 506 2708 Concilia
524 2654 700 2722 Elysiumque
717 2653 783 2707 colo.
821 2653 884 2706 Huc
902 2654 979 2705 casta
997 2650 1100 2719 Sibylla
1206 2667 1241 2707 ras

386 2729 533 2797 Nigrorum
550 2728 638 2781 multo
656 2728 792 2797 pecudum
810 2732 840 2782 te
859 2728 991 2797 sangnine
1011 2727 1100 2781 ducet.

385 2803 455 2858 Tum
467 2820 555 2872 genus
569 2819 649 2857 omne
664 2808 750 2871 tunm,
765 2799 795 2858 ct
809 2822 881 2874 quae
897 2804 999 2858 dentur
1013 2803 1127 2870 moenia,
1143 2803 1240 2858 disces.

387 2880 501 2950 Iamque
519 2880 594 2945 vale;
614 2883 728 2947 torquet
746 2881 850 2934 medios
869 2880 932 2934 Nox
950 2879 1064 2932 humida
1081 2895 1187 2948 cursus,

386 2956 422 3010 Et
439 2973 483 3010 me
501 2973 597 3011 saevus
615 2957 693 3025 equis
712 2956 810 3009 Oriens
828 2956 942 3009 adflavit
959 2954 1071 3008 anhelis

385 3033 508 3102 Dixerat,
525 3036 554 3103 et
571 3034 664 3089 tennis
681 3032 761 3101 fugit,
779 3048 830 3085 ceu
847 3031 946 3098 fumus,
965 3032 993 3084 in
1011 3047 1099 3084 auras
1205 3046 1242 3088 rso

385 3111 501 3182 Aeneas„
521 3110 580 3174 Quo
598 3109 699 3163 deinde
717 3108 792 3163 rnisl
815 3124 870 3177 qno
887 3107 1021 3176 proripisl
1042 3106 1143 3176 inquit,

385 3184 474 3249 Quem
489 3186 579 3254 sugis?
599 3188 647 3239 aut
666 3186 727 3254 quis
744 3187 774 3239 te
792 3184 893 3238 nostris
911 3183 1089 3252 conplexibus
1106 3186 1202 3239 arcetl

385 3261 463 3316 Haec
479 3280 632 3316 memorans
650 3264 770 3317 cinerem
788 3264 818 3315 et
836 3262 939 3330 sopitos
958 3261 1072 3315 suscitat
1089 3261 1171 3328 ignis,

384 3336 619 3408 Pergameumque
637 3340 736 3392 Larem
754 3343 784 3392 et
800 3354 884 3392 canae
901 3338 1053 3407 penetralia
1070 3336 1176 3391 Vestae

372 3412 463 3470 Farre
478 3415 527 3487 pio
546 3420 576 3472 et
592 3416 677 3488 plena
696 3414 816 3487 supplex
830 3417 979 3468 ueneratm
996 3430 1100 3466 acerra.
1203 3428 1241 3469 uss

394 3492 556 3565 Extemplo
573 3496 667 3553 socios
685 3496 872 3568 primumque
889 3489 1010 3545 arcessit
1029 3488 1163 3547 neesson,

347 3561 388 3625 Et
401 3570 490 3627 Iovis
508 3572 665 3645 inperium
683 3578 720 3631 et
740 3573 802 3631 cari
820 3570 983 3643 praesepi&
996 3554 1131 3629 92³2*ssss
