3242 4159
387 531 418 575 96
532 535 541 554 ⁶
617 528 646 575 Ρ.
669 526 822 574 VERGILI
844 526 1012 575 MARONIS

388 608 529 676 Aetheria,
547 625 637 677 neque
655 608 744 661 adhuc
762 607 918 661 crudelibus
936 606 1053 663 occubat
1069 611 1192 682 umbris,

387 685 450 737 Non
467 688 573 749 metus;
593 685 679 738 officio
697 702 746 738 nec
764 689 793 738 te
813 689 933 737 certasse
953 686 1073 752 priorem

389 762 541 815 Poeniteat.
577 761 647 814 Sunt
666 766 695 815 et
714 762 810 814 Siculis
830 762 987 828 regionibus
1004 762 1087 817 urbes

388 838 526 905 Arvaque,
546 837 717 907 Troianoque
735 857 752 891 a
770 840 901 906 sanguine
920 838 1009 891 clarus
1028 840 1161 895 Acestes.
1216 857 1255 896 550

388 914 550 977 Quassatam
567 914 657 967 ventis
675 915 756 969 liceat
775 915 928 969 subducere
946 916 1068 984 classem,

388 994 425 1047 Et
442 993 630 1060 silviseptare
649 992 741 1045 trabes
760 997 789 1046 et
808 993 944 1059 stringere
961 1008 1060 1060 remes,

388 1070 416 1123 Si
434 1070 516 1123 datur
535 1069 652 1136 Italiam,
673 1070 751 1122 sociis
770 1074 799 1123 et
818 1087 884 1137 rege
902 1073 1020 1138 recepto,

387 1145 519 1212 Tendere,
538 1148 570 1198 55
589 1145 699 1198 Italiam
718 1146 783 1199 laeti
803 1147 969 1214 Latiumque
986 1149 1122 1215 petamus,

388 1222 434 1274 Sin
447 1222 592 1290 absumpta
604 1223 683 1291 salus,
696 1226 724 1277 et
735 1226 772 1291 te,
784 1227 864 1291 pater
876 1227 988 1291 optume
1001 1222 1146 1289 Teucrum,
1179 1275 1184 1287 ,
1213 1238 1252 1276 555

388 1298 492 1351 Pontus
510 1298 595 1353 habet
614 1299 722 1367 Libyae,
741 1316 792 1352 nee
810 1316 872 1368 spes
891 1299 944 1351 iam
963 1301 1050 1351 restat
1070 1297 1134 1365 luli,

388 1375 429 1426 At
447 1375 519 1427 freta
538 1375 661 1428 Sicaniae
679 1376 776 1429 saltem
795 1374 931 1442 sedesque
949 1377 1068 1443 paratas,

387 1449 469 1503 Unde
487 1450 539 1503 huc
558 1451 673 1518 advecti,
692 1467 840 1518 regemque
858 1455 983 1518 petamus
1002 1451 1132 1502 Acesten.

387 1526 497 1578 Talibus
517 1527 651 1591 Ilioneus;
669 1527 758 1579 cuncti
778 1527 857 1579 simul
875 1543 923 1579 ore
940 1524 1096 1579 fremebant

387 1601 569 1655 Dardanidae.
1211 1616 1250 1655 500

422 1677 490 1731 Tum
509 1677 630 1731 brcriter
649 1678 729 1745 Dido,
747 1678 851 1730 voltum
870 1678 995 1744 demissa,
1013 1677 1156 1746 profatur:

387 1753 490 1807 Solvite
509 1754 593 1807 eorde
610 1758 722 1821 metum,
742 1754 847 1821 Teucri,
866 1754 999 1807 secludite
1017 1770 1107 1808 curas.

387 1830 443 1883 Res
463 1830 533 1884 dura
551 1835 580 1884 et
599 1831 676 1898 regni
694 1830 801 1883 novitas
819 1846 863 1881 me
881 1829 947 1882 talia
964 1830 1066 1896 cogunt

386 1905 486 1973 Moliri,
505 1911 533 1960 et
551 1908 607 1959 late
625 1907 686 1959 finis
705 1906 817 1959 custode
836 1905 914 1958 tueri.

388 1982 453 2045 Quis
465 1999 551 2047 genus
565 1982 734 2048 Aeneadum,
748 1982 809 2049 quis
823 1982 918 2034 Troiae
931 1982 1035 2035 neseiat
1046 1981 1154 2050 urbem,
1207 1997 1247 2037 505

388 2056 568 2124 Virtutesque
586 2057 720 2125 virosque,
739 2062 787 2110 555
805 2059 876 2111 tanti
896 2057 1022 2110 incendia
1039 2057 1122 2111 bellil

386 2133 448 2185 Non
467 2133 585 2185 obtunsa
602 2133 670 2185 adeo
688 2137 828 2199 gestamus
846 2138 957 2203 pectora
976 2134 1067 2200 Poeni,

387 2209 444 2261 Nec
462 2212 519 2261 tarn
538 2226 648 2261 aversus
667 2226 751 2277 equos
771 2210 851 2277 Tyria
870 2211 916 2263 Sol
935 2210 1023 2277 iungit
1041 2209 1076 2262 ab
1094 2209 1172 2265 urbe.

387 2285 441 2337 Seu
458 2301 505 2337 vos
522 2284 687 2353 Hesperiam
705 2303 831 2351 magnam
852 2287 1034 2354 Saturniaque
1052 2302 1125 2353 arva,

386 2361 448 2414 Sive
467 2361 560 2429 llrycis
578 2362 640 2414 finis
659 2379 807 2429 regemque
827 2363 929 2431 optatis
948 2363 1076 2429 Acesten,
1206 2381 1246 2419 575

386 2437 498 2491 Auxilio
517 2442 591 2491 tutos
610 2438 754 2505 dimittam,
775 2439 927 2506 opibusque
946 2438 1051 2492 iurabo.

386 2512 476 2567 Voltis
494 2519 523 2568 ct
541 2514 584 2567 his
602 2532 708 2568 meeum
726 2516 831 2582 pariter
849 2515 990 2568 considere
1008 2516 1118 2581 regnisl

387 2590 490 2644 Urbem
509 2609 591 2658 quam
610 2596 708 2658 statuo,
727 2596 819 2644 restra
838 2596 895 2656 est;
917 2590 1061 2644 subducite
1078 2594 1171 2659 navim

386 2665 453 2717 Tres
472 2667 622 2734 Tyriusque
640 2667 706 2718 milri
724 2668 798 2720 nullo
817 2668 972 2721 discrimine
990 2672 1094 2735 agetur.

386 2742 482 2808 Atque
500 2742 605 2794 utinam
623 2759 672 2793 rex
691 2743 748 2810 ipsc
767 2744 793 2795 N
796 2748 842 2797 050
861 2744 1015 2811 compulsus
1032 2744 1130 2798 eedem
1204 2760 1244 2799 575

386 2817 506 2870 Adferat
524 2816 647 2870 Aeneas!
672 2818 806 2886 Equidem
826 2838 877 2889 per
894 2821 976 2873 litora
994 2823 1085 2874 certos

385 2893 531 2947 Dinrittam
549 2897 578 2946 05
597 2893 698 2961 Libyae
717 2895 835 2949 lustrare
854 2901 979 2950 extrema
997 2895 1105 2963 iubebo,

385 2969 414 3023 Si
431 2970 530 3038 quibus
549 2971 652 3023 eiectus
671 2972 744 3025 silvis
763 2978 811 3025 aut
829 2972 944 3025 urbibus
964 2977 1044 3025 errat.

419 3047 471 3099 llis
489 3048 609 3101 animuin
628 3049 728 3101 arrecti
747 3049 826 3102 dictis
847 3054 876 3103 05
893 3050 972 3102 fortis
992 3050 1113 3102 Achates

383 3122 420 3176 llt
438 3127 518 3191 pater
537 3128 645 3177 Aeneas
664 3125 824 3179 iamdudum
843 3142 987 3193 ennnpcre
1006 3126 1107 3178 nubem
1204 3141 1243 3179 aro

384 3200 536 3253 Ardebant.
576 3202 654 3254 Prior
673 3203 787 3254 Aenean
806 3202 952 3270 compellat
972 3201 1108 3254 Achates:

383 3273 455 3328 Nate
474 3276 533 3343 dea,
553 3294 623 3345 quae
641 3293 711 3329 5550
729 3277 819 3329 animo
838 3277 973 3330 sententia
993 3277 1096 3343 surgitl

383 3349 481 3403 Omnia
499 3356 560 3405 tuta
577 3352 661 3419 rides,
680 3353 792 3406 classem
812 3353 954 3421 sociosque
973 3356 1106 3420 receptos.

381 3424 458 3477 Unus
475 3426 560 3496 abest,
581 3429 674 3483 medio
692 3429 720 3482 in
739 3430 827 3483 iluctn
844 3446 928 3497 quenl
944 3428 1065 3481 ridimus
1080 3427 1137 3492 insi

359 3498 564 3571 Submersunr;
586 3506 672 3562 dietis
691 3507 873 3579 respondent
891 3508 990 3559 cetera
1004 3498 1115 3551 mauris
1217 3511 1258 3545 555

349 3566 406 3624 Vir
419 3590 455 3629 ea
472 3578 556 3636 55555
576 3590 651 3652 erat,
672 3604 742 3644 cum
762 3583 946 3643 circuminss
958 3576 1085 3643 reliem
