3242 4159
386 532 433 579 130
619 526 649 576 P.
668 526 822 574 VERGILI
840 524 1006 573 MARONIS

386 608 513 663 Tendunt
530 607 592 661 vela
609 608 635 660 N
637 607 692 672 oti;
709 608 830 675 fugimus
848 606 1037 675 spumantibus
1055 607 1145 674 undis,

387 684 447 748 Qua
464 701 573 737 cursum
590 687 743 751 ventusque
759 684 981 753 gubernatorque
998 682 1121 737 vocabat.

388 762 448 813 Iam
466 760 555 813 medio
574 760 690 827 adparet
707 760 794 813 fluctu
812 776 956 812 nemorosa
974 759 1126 829 Zacynthos
1209 774 1248 815 2⁷0

387 836 598 908 Dulichiumque
617 836 754 903 Sameque
771 839 801 889 et
819 836 845 889 N
847 836 930 889 erites
948 835 1034 888 ardua
1052 835 1133 890 saxis.

363 964 365 973 ,
387 912 540 980 Effugimus
559 912 682 981 scopulos
701 911 821 977 Ithacae,
840 911 952 965 Laertia
969 927 1062 979 regna,

387 988 424 1042 Et
443 991 545 1041 terram
564 988 687 1041 altricem
706 989 780 1041 saevi
798 1005 972 1041 exsecramur
990 987 1073 1042 Ulix'u

388 1064 453 1117 Mox
471 1067 500 1117 et
519 1064 656 1117 Leucatae
676 1063 800 1116 nimbosa
818 1064 958 1117 cacumina
975 1064 1075 1116 montis

387 1139 424 1193 Et
441 1139 603 1193 formidatus
620 1141 710 1193 nautis
728 1140 852 1209 aperitur
870 1138 979 1208 Apollo.
1058 1136 1061 1140 ’
1207 1156 1245 1195 275

387 1215 470 1269 Hunc
486 1216 606 1284 petimus
624 1216 689 1269 lessi
707 1220 736 1270 et
753 1232 854 1284 parvae
872 1214 1042 1269 succedimus
1059 1215 1138 1278 urbi;

387 1292 498 1345 Ancora
516 1292 551 1346 de
569 1309 650 1361 prora
668 1293 775 1360 iacitur,
793 1295 869 1346 stant
887 1291 968 1345 litore
985 1308 1098 1360 puppes.

423 1369 497 1436 Ergo
514 1369 655 1437 insperata
672 1369 784 1422 tandem
802 1368 903 1422 tellure
919 1367 1003 1436 potiti

387 1443 605 1511 lustramurque
623 1445 682 1498 Iovi
700 1445 827 1512 votisque
844 1444 1015 1497 incendimus
1032 1457 1101 1511 aras,

387 1520 525 1588 Actiaque
544 1519 635 1573 Iliacis
652 1519 823 1573 celebramus
841 1520 922 1573 litora
939 1519 1020 1573 ludis.
1206 1533 1245 1573 aso

387 1595 524 1649 Exercent
540 1596 644 1663 patrias
662 1596 721 1649 oleo
738 1594 849 1648 labente
866 1596 1020 1664 palaestras

386 1670 493 1725 hludati
511 1672 591 1736 socii;
608 1671 685 1724 iuvat
703 1671 821 1725 evasisse
839 1674 883 1724 tet
900 1670 983 1724 urbes

388 1747 529 1815 Argolicas
548 1747 706 1814 mediosque
723 1747 817 1815 lugam
835 1747 957 1800 tenuisse
974 1763 1025 1815 per
1042 1746 1137 1801 hostis.

388 1822 499 1877 Interea
516 1840 643 1891 magnum
662 1823 702 1876 sel
720 1823 940 1877 circumvolvitur
958 1838 1066 1889 annum,

387 1898 424 1952 Et
441 1899 562 1967 glacialis
580 1900 687 1969 hiemps
705 1899 879 1969 aquilonibus
897 1902 1007 1967 asperat
1025 1897 1120 1952 undas.
1207 1916 1245 1953 ass

388 1977 463 2028 Aere
480 1992 545 2029 cavo
563 1974 687 2044 clipeum,
706 1976 798 2043 magni
815 1980 957 2043 gestamen
976 1974 1106 2043 Abantis,
1198 2032 1200 2034 .

388 2050 517 2110 Postibus
535 2051 658 2106 adversis
676 2053 737 2120 figo,
756 2056 784 2105 et
803 2068 862 2105 rem
879 2051 1000 2105 carmine
1017 2051 1107 2119 signo:

388 2129 505 2182 Annuus
524 2143 600 2182 nano
619 2144 656 2181 nn
669 2143 780 2182 nnuma
797 2142 962 2181 vroromnns
980 2142 1069 2181 aaut

388 2202 525 2271 Linquere
543 2207 602 2257 tum
620 2208 716 2273 portus
733 2203 814 2257 iubeo
833 2207 862 2257 et
880 2203 1021 2257 considere
1038 2204 1176 2259 transtris
1284 2251 1288 2262 .

388 2279 522 2333 Certatim
540 2280 605 2334 socii
623 2281 724 2334 feriunt
742 2296 818 2334 mare
836 2284 865 2334 et
883 2288 1002 2348 aequora
1019 2281 1140 2334 verrunt
1206 2296 1245 2335 aee

388 2354 517 2411 Protinus
534 2357 621 2411 aerias
641 2357 792 2411 Phaeacum
811 2356 1004 2410 abscondimus
1021 2372 1106 2425 arces,

387 2430 536 2503 Litoraque
555 2434 630 2503 Epiri
648 2434 765 2502 legimus
783 2437 921 2502 portuque
939 2432 1060 2486 subimus

387 2508 508 2563 Chaonio
525 2514 555 2564 et
571 2511 670 2565 celsam
689 2510 820 2564 Buthroti
837 2509 991 2562 accedimus
1008 2509 1113 2562 urbem.

422 2585 476 2639 Hic
492 2586 658 2640 incredibilis
677 2603 770 2639 rerum
788 2586 861 2638 fama
879 2588 993 2653 occupat
1010 2585 1085 2638 auris

387 2661 544 2717 Priamiden
563 2663 700 2716 Helenum
719 2662 817 2716 Graias
835 2678 951 2730 regnare
969 2677 1019 2729 per
1036 2662 1127 2729 urbes,
1205 2679 1243 2717 aas

387 2737 519 2805 Coniugio
538 2738 675 2791 Aeacidae
694 2737 792 2807 Pyrrhi
811 2737 981 2806 sceptrisque
998 2738 1124 2805 petitum,

387 2813 425 2866 nt
441 2814 531 2881 patrio
550 2814 761 2867 Andromachen
778 2814 879 2868 iterum
897 2814 1011 2868 cessisse
1029 2814 1134 2867 marito.

388 2888 523 2958 Obstipui,
541 2889 664 2958 miroque
681 2890 820 2944 incensum
838 2893 933 2959 pectus
951 2905 1050 2957 amore,

388 2965 558 3034 Compellare
576 2965 664 3019 virum
683 2969 713 3019 et
730 2982 808 3019 casus
825 2981 988 3033 cognoscere
1005 2967 1106 3019 tantos.

388 3041 552 3111 Progredior
569 3046 658 3111 portu,
677 3042 770 3095 classis
788 3045 818 3096 et
835 3041 916 3095 litora
932 3040 1073 3110 liuquens3
1204 3057 1244 3098 see

387 3118 530 3173 Sollemnis
547 3135 609 3173 cum
627 3119 698 3173 forte
717 3119 801 3188 dapes
820 3122 849 3172 et
865 3118 957 3172 tristia
974 3117 1046 3171 dona

388 3196 463 3249 Ante
480 3195 577 3249 urbem
594 3196 622 3248 in
640 3196 700 3250 luco
718 3196 780 3249 falsi
798 3195 944 3249 Simoentis
962 3193 998 3247 ad
1015 3196 1119 3247 undam

387 3268 505 3323 Libebat
522 3271 606 3324 cineri
624 3271 818 3332 Andromache
836 3270 978 3337 Manisque
997 3270 1113 3323 vocabat

387 3348 556 3401 Hectoreum
574 3346 610 3399 ad
628 3347 771 3414 tumulum,
789 3346 869 3400 viridi
886 3362 968 3413 quem
985 3347 1106 3415 caespite
1122 3344 1235 3401 manem

367 3420 411 3472 Et
421 3423 563 3492 geminas,
582 3441 711 3480 caussam
730 3424 861 3491 lacrimis,
879 3426 1039 3477 sacrarent
1053 3437 1126 3472 aras„
1205 3436 1247 3475 ts

355 3486 399 3546 Ut
411 3511 466 3550 me
482 3505 642 3571 conspexit
660 3504 831 3560 venientem
848 3505 881 3557 et
897 3499 987 3553 'lroia
1001 3497 1108 3549 eremo

344 3563 434 3623 erma
454 3589 562 3632 amens
582 3581 671 3655 vidIt,
693 3583 819 3655 magnis
836 3577 986 3638 exterrita
999 3566 1139 3625 mahthilt
