3242 4159
641 517 825 568 AENEIDOS
847 517 917 569 LIB.
940 518 1021 570 VIII.
1197 522 1244 568 233

390 599 543 653 Accessum
559 596 679 651 lustrans
696 597 750 651 huc
767 614 816 651 ora
832 598 942 654 ferebat
958 603 988 653 et
1004 599 1076 668 illuc,

390 673 531 729 Dentibus
547 674 712 728 infrendens.
748 675 802 728 Ter
819 678 910 729 totum
920 675 1050 730 fervidus
1061 676 1103 732 ira
1210 690 1248 730 auo

390 750 508 805 Lustrat
527 750 658 804 Aventini
676 754 813 817 montem;
836 753 882 805 ter
899 768 981 806 saxea
998 755 1119 822 temptat
1223 757 1227 763 '

390 827 501 881 Limina
518 826 698 896 nequiquam
722 829 767 881 ter
783 828 872 883 fessus
889 828 959 883 valle
977 829 1088 885 resedit.

390 903 491 958 Stabat
508 906 589 957 acuto
607 903 683 971 silex,
700 904 832 971 praecisis
848 904 971 974 undique
989 906 1062 959 saxis

390 980 543 1049 Speluncae
561 979 642 1033 dorso
661 980 813 1049 insurgens,
829 981 962 1035 altissima
979 982 1046 1051 usu,

390 1057 521 1110 Dirarum
537 1055 612 1109 nidis
630 1056 727 1111 (lomus
745 1061 899 1125 opportuna
916 1058 1062 1112 volucrum.
1208 1072 1246 1113 aas

391 1133 480 1199 Hauc,
497 1135 529 1186 ut
546 1149 633 1201 prona
650 1132 713 1201 iugo
732 1133 839 1187 laevum
857 1133 1033 1187 incumbebat
1050 1134 1087 1187 ad
1099 1146 1215 1200 amnem,

390 1209 499 1264 Dexter
515 1209 544 1262 in
562 1208 706 1262 advorsum
724 1210 815 1263 nitens
833 1211 975 1277 concussit,
994 1213 1023 1263 et
1040 1210 1103 1263 imis

391 1285 524 1339 Avolsam
542 1285 622 1339 solvit
640 1285 791 1350 radicibus3
814 1284 880 1339 inde
898 1289 1012 1354 repente

391 1361 512 1429 Inpulit;
533 1361 642 1430 inpulsu
660 1377 714 1431 quo
731 1377 875 1414 maxumus
893 1361 1000 1415 intonat
1018 1359 1123 1426 aether,

391 1436 547 1492 Dissultant
565 1438 641 1507 ripae
659 1436 806 1506 refluitque
825 1437 974 1491 exterritus
991 1438 1086 1492 amnis.
1208 1452 1245 1491 aso

390 1515 433 1569 At
451 1530 548 1583 specus
566 1517 595 1568 et
615 1513 678 1567 Caci
696 1513 807 1567 detecta
824 1512 951 1582 adparuit
967 1513 1064 1581 ingens
1173 1560 1182 1564 -

391 1591 487 1660 Regia,
505 1594 535 1645 et
551 1590 696 1644 umbrosae
713 1590 830 1657 penitus¹
840 1593 956 1658 patuere
974 1606 1122 1644 cavernae:

390 1667 417 1722 N
418 1684 454 1720 on
472 1684 606 1735 secus,·ac
624 1666 647 1720 si
665 1682 720 1734 qua
737 1665 848 1734 penitus
865 1666 892 1719 vi
910 1670 986 1719 terra
1003 1665 1146 1720 dehiscens

391 1744 518 1798 Infernas
535 1748 642 1797 reseret
660 1742 739 1796 sedes
759 1745 788 1795 et
805 1759 890 1810 regna
908 1741 1034 1796 recludat

391 1818 507 1887 Pallida,
526 1819 568 1873 dis
585 1820 677 1886 invisa,
696 1834 833 1896 superque
851 1818 959 1871 inmane
977 1817 1136 1871 barathrum
1207 1832 1244 1870 ass

391 1896 536 1964 Cernatur,
554 1894 751 1964 trepidantque
768 1893 879 1946 inmisso
897 1893 1000 1947 lumine
1018 1893 1122 1947 Manes.

391 1972 466 2040 llrgo
483 1972 623 2041 insperata
641 1971 807 2039 deprensum
825 1970 854 2022 in
871 1969 931 2024 luce
949 1973 1063 2039 repento

392 2047 588 2116 Inclusumque
605 2064 671 2101 cavo
690 2049 755 2100 sax'o
774 2049 859 2115 atque
876 2046 984 2101 insueta
1001 2046 1148 2102 rudentem

391 2123 518 2193 Desuper
535 2123 649 2178 Alcides
665 2123 729 2177 telis
747 2122 855 2192 premit,
874 2124 1017 2192 omniaque
1034 2138 1112 2177 arma

392 2199 527 2268 Advocat,
546 2204 575 2255 ct
592 2200 675 2253 ramis
693 2199 832 2266 vastisque
849 2198 998 2252 molaribus
1015 2199 1107 2253 instat.
1208 2214 1244 2253 rso

392 2274 445 2329 Ille
463 2280 563 2342 autern,
580 2292 671 2345 neque
689 2275 762 2329 enim
779 2275 845 2342 fuga
861 2275 916 2327 iam
934 2292 1016 2344 super
1033 2275 1090 2329 ulla
1106 2276 1208 2344 pericli,

391 2352 527 2407 Faucibus
544 2353 682 2421 ingentem
701 2352 811 2417 fumum,
830 2350 954 2405 mirabile
971 2350 1055 2419 dictu,

391 2428 502 2483 Evomit
519 2427 686 2496 involvitque
705 2427 816 2480 domum
834 2427 948 2494 caligine
966 2442 1053 2495 caeca,

392 2504 709 2573 Prospectum'eripiens
727 2503 817 2568 oculis,
834 2503 1023 2570 glomeratque
1041 2501 1092 2556 sub
1109 2505 1189 2557 antro

391 2580 560 2635 Pumiferam
577 2583 685 2633 noctem
703 2580 857 2633 commixtis
874 2579 937 2646 igne
955 2578 1083 2633 tenebris.
1206 2593 1243 2632 aas

390 2657 418 2711 N
419 2673 454 2710 on
471 2656 537 2711 tulit
556 2656 668 2709 Alcides
686 2655 790 2724 animis,
810 2672 894 2724 seque
911 2656 970 2724 ipsc
987 2655 1147 2725 perignem

391 2732 540 2801 Praecipiti
558 2732 622 2786 iecit
634 2724 720 2800 'saltu
739 2749 793 2800 qua
810 2731 944 2801 plurimus
962 2730 1063 2786 rmdam

390 2808 496 2862 Fumus
513 2808 571 2876 agit
589 2808 743 2877 nebulaque
761 2809 856 2876 ingens
874 2824 970 2876 specus
988 2811 1097 2863 aestuat
1113 2812 1181 2863 atra.

391 2883 445 2939 Hie
465 2885 566 2939 Cacum
584 2885 613 2937 in
630 2884 753 2938 tenebris
770 2884 897 2939 incendia
915 2901 984 2938 vana
1002 2888 1157 2939 vomentem

390 2961 513 3030 Corripit
529 2961 558 3014 in
576 2961 678 3014 nodum
697 2960 851 3029 conplexus,
870 2963 899 3014 et
916 2961 993 3028 angit
1009 2960 1154 3015 inhaerens
1207 2974 1243 3012 seo

390 3036 480 3091 Elisos
497 3038 590 3091 oeulos
608 3041 637 3091 et
655 3038 755 3091 siecum
774 3037 904 3105 sanguine
921 3040 1025 3104 guttur.
1064 3092 1069 3101 ,

390 3114 527 3168 Panditur
544 3114 682 3181 extemplo
699 3114 804 3167 foribus
822 3114 919 3166 domus
937 3115 998 3166 atra
1015 3112 1133 3179 revolsis,

390 3188 614 3258 Abstractaeque
631 3189 716 3244 boves
734 3189 929 3256 abiiuataeque
946 3188 1058 3255 rapinae

389 3266 473 3320 Caelo
491 3266 682 3333 ostenduntur,
700 3264 871 3334 pedibusque
888 3263 1003 3318 informe
1020 3263 1138 3317 cadaver

389 3341 573 3397 Protrahitur.
611 3341 759 3410 Nequeunt
777 3339 881 3408 expleri
899 3339 983 3393 corda
999 3338 1103 3393 tuendo
1205 3352 1242 3391 aas

388 3417 532 3472 Terribilis
550 3418 646 3483 oculos,
665 3418 769 3472 voltum
786 3416 937 3487 villosaque
953 3415 1041 3470 saetis

378 3494 497 3544 Pectora
513 3492 639 3547 semiferi
656 3497 744 3566 atque
763 3494 924 3553 exstinctos
941 3491 1076 3550 iauoihus
1086 3489 1180 3561 'radis

365 3564 413 3615 Ex
426 3564 479 3617 illo
494 3567 659 3627 celebratus
678 3571 783 3647 honos,
800 3574 939 3650 laetique
955 3572 1094 3632 mauors*
