3242 4159
648 522 833 574 Annulnos
849 521 919 572 LIB.
938 522 992 574 III.
1200 524 1246 574 135

389 608 432 664 Et
449 623 549 663 conum
565 603 679 674 insignis
696 605 791 674 galeae
809 603 962 673 cristasque
979 604 1120 673 comantis,

391 686 486 739 Arma
503 681 685 751 Neoptolemi.
722 680 792 734 Sunt
811 684 841 734 et
859 696 908 734 sua
926 681 998 735 dona
1014 681 1131 750 parenti.

391 759 488 815 Addit
505 775 597 828 equos,
615 757 749 826 additque
767 757 866 823 duces,
1210 770 1248 811 470

391 836 553 905 Remigium
571 834 693 903 supplet3
713 836 799 889 socios
816 836 896 889 simul
913 834 1025 890 instruit
1042 836 1132 890 armis

430 913 544 967 Interea
561 911 676 965 classem
694 911 761 966 velis
779 914 876 981 aptare
893 910 1007 967 iubebat

392 987 538 1055 Anchises,
557 987 636 1041 lieret
655 991 737 1041 vento
755 1004 832 1041 mora
849 1004 884 1043 ne
903 1005 957 1057 qua
974 989 1080 1044 ferenti.

392 1065 485 1130 Quem
503 1063 608 1118 Phoebi
625 1064 762 1132 interpres
780 1065 867 1118 multo
885 1066 1030 1134 compellat
1046 1066 1161 1119 honore:

392 1140 536 1208 Coniugio,
556 1139 686 1207 Anchise,
706 1138 823 1193 Veneris
840 1140 953 1209 dignate
972 1143 1096 1212 superbo,
1211 1154 1248 1194 475

393 1216 577 1284 euraccum,
594 1215 637 1269 bis
655 1216 813 1284 Pergameis
831 1220 926 1286 erepte
943 1217 1036 1286 ruinis,
1122 1232 1127 1237 ·

392 1292 468 1347 Eece
484 1292 536 1347 tibi
555 1292 694 1347 Ausoniae
711 1292 808 1357 tellus;
826 1292 895 1345 hanc
913 1293 1003 1361 arripe
1020 1294 1096 1350 velis.

392 1369 434 1423 lit
451 1371 545 1422 tamen
561 1368 631 1422 hanc
648 1368 745 1436 pelago
762 1368 968 1436 praeterlabare
985 1385 1095 1425 necesse
1112 1374 1169 1439 est;

393 1445 536 1500 Ausoniae
552 1459 617 1513 pars
634 1444 680 1497 illa
696 1443 798 1512 procul,
819 1460 901 1512 quam
918 1445 1017 1513 pandit
1035 1446 1141 1516 Apollo.

393 1519 484 1587 Vade,
501 1521 548 1588 ait,
567 1537 584 1574 o
600 1519 667 1573 felix
685 1520 743 1573 nati
760 1520 874 1588 pietate.
910 1521 983 1585 Quid
1000 1522 1073 1577 ultra
1209 1538 1247 1578 sse

394 1595 536 1650 Provehor
550 1600 583 1651 ‘ct
600 1595 683 1650 laudo
700 1596 839 1672 surgentis
856 1596 983 1651 demoror
1001 1602 1126 1655 austrosl

392 1671 457 1726 Neo
473 1672 562 1725 minus
581 1671 780 1738 Andromache,
799 1672 924 1739 digressu
942 1679 1048 1729 maesta
1065 1692 1199 1745 supremo,

393 1747 465 1801 Fert
482 1748 633 1816 picturatas
650 1747 710 1800 auri
727 1747 881 1801 subtemine
898 1753 988 1803 vestes

392 1823 433 1879 Et
452 1823 597 1893 Phrygiam
616 1824 735 1878 Ascanio
753 1823 931 1892 chlamydem,
950 1841 1000 1879 nec
1017 1826 1091 1882 cedit
1108 1828 1209 1898 honori,

392 1900 602 1969 Textilibnsque
619 1903 715 1954 onerat
734 1900 821 1967 donis,
839 1916 870 1954 ac
888 1900 955 1954 taba
972 1902 1059 1958 fatur:
1209 1918 1247 1957 aas

393 1977 499 2046 Accipe
510 1980 541 2031 et
551 1976 626 2044 haec,
637 1992 767 2029 manuum
779 1976 830 2030 tibi
843 1992 914 2045 quae
926 1982 1101 2034 monumenta
1111 1996 1234 2034 mearum

392 2053 465 2121 Sint,
475 2069 551 2122 puer,
563 2055 594 2106 et
605 2052 715 2120 longum
730 2052 939 2106 Andromachae
951 2057 1089 2110 testentur
1100 2073 1229 2124 amorem,

393 2129 525 2197 Coniugis
543 2129 705 2182 Hectoreae.
740 2128 814 2197 Cape
831 2128 903 2182 dona
920 2133 1044 2185 extrema
1060 2137 1177 2199 tuorum,

393 2206 420 2260 0
438 2205 506 2259 mihi
523 2205 581 2259 sola
598 2206 653 2259 mei
671 2221 753 2274 super
771 2206 947 2274 Astyanactis
964 2208 1059 2275 imago.

392 2282 441 2337 Sic
459 2281 557 2349 oculos,
575 2281 614 2334 sic
631 2281 676 2335 ille
694 2298 796 2347 monus,
815 2282 853 2334 sic
870 2299 919 2335 ora
936 2284 1055 2351 scrobat3
1211 2300 1248 2339 sao

392 2359 433 2414 Ilt
451 2375 521 2412 nunc
539 2357 646 2425 aequali
663 2361 755 2411 tecum
772 2356 936 2426 pubesceret
953 2376 1026 2413 aevo,
1064 2365 1089 2416 ᾖ

393 2435 457 2490 Hos
475 2450 526 2502 ego
543 2432 700 2501 digrediens
717 2433 835 2487 lacrimis
852 2432 966 2487 adfabar
984 2435 1101 2492 obortis:

393 2510 489 2565 Visite
506 2510 607 2577 felices,
626 2509 726 2578 quibus
743 2514 785 2564 cst
802 2510 913 2563 fortuna
929 2515 1041 2578 peracta

393 2587 457 2642 lam
476 2602 537 2651 sna;
557 2603 606 2640 nos
623 2586 676 2640 alia
694 2603 728 2640 ox
746 2586 806 2639 aliis
823 2586 851 2639 in
869 2586 926 2639 lata
943 2602 1076 2642 vocamur.

392 2662 483 2718 Vobis
500 2666 581 2731 parta
598 2663 689 2732 quies;
707 2663 810 2716 nullum
828 2662 911 2716 maris
928 2679 1030 2731 aequor
1046 2665 1187 2728 arandum,
1210 2678 1246 2717 roe

392 2741 473 2795 Arva
488 2755 578 2808 nequo
597 2739 737 2792 Ausoniae
755 2756 865 2807 semper
882 2740 1008 2794 cedentia
1027 2744 1101 2795 retro

393 2815 568 2881 Quaerenda.
605 2815 730 2882 Effigiem
748 2815 852 2869 Xanthi
870 2815 1034 2885 Troiamque
1052 2816 1158 2884 ridetis,

393 2892 484 2957 Quam
502 2894 611 2946 vestrae
628 2891 719 2945 fecere
736 2908 840 2958 manus,
859 2892 1023 2958 melioribus,
1041 2897 1113 2961 opto,

393 2968 544 3037 Auspiciis,
562 2970 592 3021 et
609 2983 679 3035 quae
696 2967 781 3021 fuerit
797 2967 889 3020 minus
906 2968 985 3021 obvia
1003 2968 1099 3022 Graiis.

392 3040 425 3099 Bi
443 3042 554 3113 quando
572 3042 701 3112 Thybrim
718 3043 861 3111 vicinaque
880 3044 1026 3113 Thybridis
1042 3060 1107 3096 arra
1210 3058 1248 3097 eoo

342 3179 344 3186 ,
394 3120 508 3175 Intrare
525 3119 657 3187 gentique
674 3135 752 3173 meae
770 3119 837 3173 data
854 3121 961 3173 moenia
979 3135 1096 3183 cernam,

393 3196 533 3263 Cognatas
550 3194 635 3248 urbes
652 3195 717 3248 elim
734 3196 902 3265 populosque
919 3196 1091 3264 propinquos,

392 3271 488 3342 Epiro,
507 3270 650 3339 Hesperie,
669 3272 769 3340 quibus
786 3272 860 3324 idem
879 3270 1024 3324 naamam
1041 3273 1136 3323 auctor

394 3349 494 3416 Atque
510 3346 585 3401 idem
603 3364 688 3416 casus,
706 3364 787 3401 unam
806 3347 937 3402 iaciemus
954 3349 1104 3414 utramque

390 3421 498 3474 Tisiam
515 3423 629 3487 animis;
647 3428 761 3479 mancat
780 3429 893 3481 nostres
912 3443 949 3481 ca
965 3440 1037 3481 cura
1050 3424 1185 3491 nepotes.
1237 3430 1275 3468 tm

409 3492 597 3548 Provehimur
612 3500 720 3570 pelago
736 3503 833 3559 vicina
853 3505 1003 3561 (ieramus
1018 3503 1119 3568 'mma

364 3561 451 3619 Unde
463 3566 526 3621 ἰίθι·
542 3570 662 3632 Italiam
682 3594 857 3661 ωαψς)
875 3583 1084 3644 bmviffimqs
1098 3571 1208 3631 unffi&-
