3242 4159
611 821 641 870 P.
659 821 816 870 VERGILI
832 820 1000 872 MARONIS
1042 876 1045 880 ,

571 986 1049 1063 AENEIDOS

653 1175 771 1230 LIBER
791 1173 968 1242 QUINTUS‘.

759 1333 862 1365 -o—
968 1355 974 1361 .

384 1451 513 1506 Iuruans
531 1452 660 1506 medium·
670 1455 780 1508 Aeneas
797 1456 852 1508 iam
869 1454 956 1508 classe
974 1452 1087 1507 tenebat

384 1527 483 1581 Certus
500 1528 561 1595 iter,
579 1528 732 1597 fluctusque
750 1533 825 1584 atros
842 1529 969 1597 aquilone
986 1529 1104 1597 secabat,

383 1602 493 1658 Moenia
509 1604 664 1673 respiciens,
683 1622 754 1673 quae
771 1606 826 1660 iam
843 1604 957 1658 infelicis
976 1603 1082 1659 Elissae

384 1679 533 1735 Conlucent
550 1681 673 1735 flammis.
710 1682 787 1746 Quae
805 1684 914 1735 tantum
932 1679 1090 1735 accenderit
1106 1684 1211 1753 ignem,

384 1756 486 1810 Caussa
503 1758 587 1823 latet;
604 1758 666 1811 duri
683 1774 782 1825 magno
801 1756 850 1811 sed
868 1773 960 1810 amore
978 1755 1088 1811 dolores
1228 1774 1242 1815 a

383 1830 499 1901 Polluta,
517 1837 674 1903 uotumque,
691 1834 785 1887 furens
803 1833 870 1901 quid
888 1832 987 1886 femina
1005 1834 1100 1902 possit,

383 1907 473 1963 Triste
491 1925 540 1977 per
557 1910 701 1977 augurium
720 1910 885 1963 Teucrorum
904 1913 1014 1977 pectora
1032 1908 1145 1964 ducunt.
1228 1962 1231 1969 ,

417 1984 458 2038 Ut
474 1985 586 2052 pelagus
604 1989 718 2039 tenuere
735 1988 816 2052 rates,
836 2002 886 2039 uec
903 1985 957 2039 iam
975 1985 1091 2052 amplius
1107 1986 1166 2041 ulla

383 2059 510 2114 Occurrit
528 2062 616 2128 tellus,
633 2062 720 2115 maria
736 2061 859 2131 undique
877 2065 907 2115 et
924 2061 1046 2129 undiquc
1063 2061 1179 2131 eaelum,

383 2135 436 2189 Olli
454 2138 593 2191 caeruleus
611 2155 695 2206 supra
712 2142 795 2207 caput
814 2138 925 2191 adstitit
942 2136 1037 2203 imber,
1214 2153 1239 2192 10

382 2212 498 2268 Noctem
516 2207 687 2283 hiememque
705 2213 803 2280 ferens,
819 2218 848 2267 et
863 2214 998 2266 inhorruit
1015 2212 1091 2267 unda
1107 2214 1238 2268 tenebris

383 2288 447 2358 Ipse
464 2290 632 2358 gubernator
648 2289 732 2359 puppi
752 2290 896 2343 Palinums
914 2289 949 2342 ab
968 2290 1038 2343 alta:
1083 2324 1086 2330 ·

383 2364 461 2421 Heu!
480 2368 606 2436 quianam
625 2368 695 2421 tanti
713 2366 858 2419 cinxerunt
875 2365 988 2419 aethera
1004 2364 1110 2421 nimbil

382 2441 495 2509 Quidve,
512 2447 593 2513 pater
609 2444 745 2513 Neptune,
763 2444 859 2511 parasl
896 2442 940 2495 Sic
958 2442 1058 2496 deinde
1075 2442 1184 2496 locutus

382 2517 517 2585 Colligere
534 2536 610 2572 arma
627 2519 704 2573 iubat
721 2520 874 2587 validisque
890 2518 1049 2571 incumbere
1066 2518 1158 2581 remis,
1217 2532 1240 2570 16

382 2592 567 2663 Obliquatque
585 2595 659 2647 sinus
676 2596 704 2648 in
723 2599 843 2662 ventum,
861 2611 893 2648 ac
910 2595 977 2649 talia
995 2594 1082 2648 latur:

381 2667 554 2736 Magnanimo
574 2671 677 2738 Aenea,
695 2688 755 2735 uon,
774 2672 797 2725 si
816 2671 883 2724 mihi
902 2672 1028 2739 luppiter
1046 2671 1143 2723 auctor

382 2744 528 2814 Spoudeat‚
546 2745 596 2799 hoc
613 2763 721 2814 sperem
741 2747 849 2801 Italiam
869 2747 1027 2816 contingere
1045 2746 1128 2799 caelo.

381 2820 482 2875 Mutati
500 2824 655 2876 transversa
672 2823 793 2877 fremunt
811 2828 841 2877 et
859 2841 974 2893 vespero
995 2823 1031 2877 ab
1048 2825 1110 2875 atro

381 2896 555 2966 Consurgunt
572 2899 654 2966 venti,
673 2903 757 2968 atquc
775 2900 802 2953 in
821 2900 921 2954 nubem
939 2899 1047 2968 cogitur
1064 2914 1118 2952 aer.
1217 2911 1242 2951 ao

380 2973 440 3027 Nec
456 2990 506 3027 nos
523 2975 609 3028 obniti
627 2979 729 3044 contra,
747 2993 797 3029 nec
815 2976 932 3030 tendere
953 2975 1063 3030 tantum

380 3050 539 3105 sufficimus.
574 3052 692 3120 Superat
709 3054 836 3121 quoniam
855 3052 983 3119 Fortuna,
1004 3065 1160 3118 sequamur,

380 3127 495 3202 Quoque
511 3132 596 3196 vocat,
614 3132 753 3183 vertamus
769 3129 830 3181 iter.
867 3127 893 3180 N
895 3144 926 3182 ec
943 3128 1025 3181 litora
1042 3126 1123 3193 louge

379 3202 449 3256 Fida
467 3221 529 3257 reor
545 3204 669 3258 fraterna
687 3204 782 3273 Erycis
800 3207 951 3272 portusque
970 3203 1090 3270 Sicanos,

377 3277 407 3330 si
424 3279 506 3332 modo
523 3280 577 3333 rite
594 3296 699 3334 memor
717 3283 825 3333 servata
842 3280 973 3352 remetior
991 3282 1072 3333 astra.
1216 3293 1242 3334 aa

366 3351 437 3408 Tum
452 3356 518 3425 pius
536 3359 667 3414 Aeneas:
685 3355 830 3428 liquidem
847 3355 888 3409 sic
903 3370 1019 3424 pascere
1033 3356 1131 3404 uentus

347 3424 531 3489 Iamdudum
553 3440 587 3492 et
603 3437 719 3493 frustra
738 3451 826 3490 cerno
843 3435 875 3487 te
893 3431 1017 3485 tendere
1032 3429 1142 3476 centra„

347 3497 444 3583 vecte
467 3511 544 3568 viam
567 3514 652 3572 velis.
691 3516 747 3572 An
766 3514 806 3569 sit
824 3509 900 3564 indui
917 3504 1028 3574 gratior
1042 3497 1115 3549 uua
