3242 4159
650 529 836 582 numos
850 530 922 583 LIB.
939 531 1006 585 XII.
1204 537 1251 592 331

345 627 349 664 ι
398 614 438 671 Itt
453 612 535 670 furiis
549 612 671 682 agitatus
688 628 764 667 amer
781 615 812 667 et
827 613 937 669 conscie
952 614 1048 671 virtus

399 691 441 746 Ut
457 690 577 759 primum
594 688 732 742 &ousae
748 688 863 743 umbrae
880 693 910 744 et
926 691 974 744 lux
991 691 1103 747 reddite
1118 695 1213 765 menti,

399 766 537 821 Ardentis
553 764 691 819 oculorum
709 764 784 818 orbis
800 766 838 819 ed
854 767 963 821 moenie
979 770 1061 823 torsit
1216 786 1253 828 ere

398 841 546 909 Turbidus,
564 856 636 909 eque
653 840 721 894 retis
739 857 866 909 magnam
882 844 1005 912 respexit
1022 844 1058 898 ad
1075 844 1180 903 urbem.

397 918 472 974 Ecce
488 920 589 984 autem,
607 916 722 970 flammis
740 918 814 972 inter
830 919 954 974 tabulate
971 920 1080 975 volutus

399 994 448 1048 Ad
465 993 571 1049 caelum
587 992 711 1047 undabat
728 999 826 1049 vertex
842 997 997 1067 turrimque
1014 998 1136 1066 tenebat,

397 1069 516 1138 rl'urrim,
534 1069 682 1140 compactis
698 1070 826 1126 trabibus
843 1090 926 1142 quem
943 1074 1078 1129 eduxerat
1094 1075 1155 1143 ipse

396 1144 623 1217 subdideratque
639 1150 715 1201 retas
731 1148 880 1219 pontisque
895 1151 1061 1205 instraverat
1077 1150 1155 1207 altos
1217 1164 1254 1205 est

398 1221 460 1278 Iem
476 1222 534 1277 iam
550 1222 616 1291 fata,
634 1238 711 1277 soror
728 1228 874 1295 superent;
891 1226 995 1281 absiste
1011 1226 1129 1292 merari;

397 1296 459 1363 Quo
476 1299 546 1354 deus
562 1303 665 1370 etque
683 1300 752 1355 dura
769 1315 851 1357 vocat
868 1301 999 1368 Fortuna,
1017 1317 1171 1370 sequamur.

396 1374 595 1431 sermnem
606 1392 718 1429 manum
731 1379 851 1446 Aeneae,
863 1380 927 1445 stat,
939 1376 1075 1447 quidquid
1089 1376 1182 1431 acerbi
1200 1380 1248 1445 est,

395 1448 491 1505 Morte
506 1451 581 1521 pati3
597 1468 688 1523 neque
704 1470 749 1508 me
766 1454 932 1522 indecorem,
948 1469 1085 1522 germana,
1102 1451 1210 1507 videbis

396 1526 532 1595 Amplius
568 1528 659 1596 Hunc,
670 1544 725 1597 ere,
738 1528 796 1583 sine
808 1544 853 1582 me
863 1529 958 1583 furere
968 1532 1034 1586 ante
1045 1530 1172 1584 lirrorem.
1214 1543 1249 1581 oss

395 1600 484 1672 Dixit,
502 1605 534 1659 et
550 1620 567 1660 e
583 1620 666 1660 curru
683 1605 783 1660 saltum
801 1605 881 1661 dedit
897 1607 973 1661 ocius
990 1605 1069 1675 arvis,

395 1678 506 1750 Perque
522 1681 616 1751 hestis,
632 1698 684 1751 per
701 1682 758 1736 tela
775 1682 840 1749 ruit,
857 1685 1045 1751 maestamque
1062 1695 1183 1736 semrom

394 1753 517 1824 Deserit,
534 1774 567 1812 oe
583 1758 679 1828 rapide
697 1774 779 1811 cursu
796 1756 889 1811 media
905 1758 1014 1825 agmina
1030 1756 1141 1825 rumpit.

395 1831 441 1887 Ac
456 1832 543 1887 veluti
559 1835 660 1888 montis
679 1850 775 1888 saxum
792 1833 829 1888 de
845 1834 949 1888 vertice
965 1848 1097 1901 praecepa

394 1906 467 1962 (lum
484 1908 548 1977 ruit,
565 1910 687 1963 evolsum
705 1912 795 1978 rento,
813 1925 862 1964 seu
878 1907 1008 1964 turbidus
1022 1907 1112 1962 imber
1213 1920 1251 1961 ess

394 1981 510 2053 Proluit,
528 1988 577 2039 aut
594 1986 673 2039 annis
690 1986 771 2054 solvit
788 1985 919 2055 sublapsa
934 1987 1072 2050 vetustam

394 2058 499 2114 Fertor
516 2059 545 2114 in
561 2059 710 2130 abruptum
727 2077 826 2130 magne
843 2076 921 2115 mons
938 2059 1071 2129 inprobus
1086 2059 1158 2128 ectu,

394 2134 578 2206 Exsultatque
596 2136 661 2204 sele,
680 2136 762 2191 silvas
781 2140 908 2193 armentu
925 2135 1054 2205 viresque

395 2210 541 2265 Involvens
558 2228 667 2267 seeum:
685 2212 801 2267 disiecta
818 2229 868 2280 per
885 2213 994 2280 agmina
1010 2213 1118 2265 Turnus

393 2285 440 2341 ste
457 2287 533 2342 urbis
549 2288 607 2343 ruit
623 2289 661 2342 ad
677 2304 777 2357 muros,
794 2287 843 2341 ubi
859 2286 978 2355 plurima
995 2287 1056 2340 fuse
1215 2301 1251 2341 svo

393 2362 534 2431 Sanguine
550 2367 626 2419 terra
642 2364 744 2433 madet,
763 2363 939 2432 striduntque
955 2361 1101 2417 hastilibus
1117 2377 1217 2429 aura03

393 2438 591 2509 significatque
607 2456 697 2507 manu,
716 2443 746 2494 et
762 2456 861 2509 magne
878 2433 958 2493 simul
976 2437 1073 2507 incipit
1089 2453 1163 2504 ore:¹

393 2514 506 2569 Parcite
522 2515 584 2584 iem,
597 2514 702 2585 Rutuli,
719 2518 750 2571 et
766 2532 815 2571 ves
832 2516 889 2570 tela
906 2512 1036 2579 inhibete,
1053 2512 1163 2580 Latini3

394 2590 590 2661 Quaecumque
606 2594 651 2647 est
668 2591 798 2659 Fortuna,
817 2607 879 2645 mea
896 2592 954 2657 est;
970 2605 1016 2644 me
1032 2588 1124 2643 verius
1139 2604 1226 2643 unum

394 2665 451 2720 Pro
467 2664 547 2722 vebis
562 2666 660 2722 foedus
677 2667 761 2734 luere,
780 2670 810 2722 et
828 2666 976 2721 decernere
992 2664 1075 2721 ferre.
1214 2678 1250 2720 osc

393 2740 554 2799 Discessere
569 2759 664 2799 omnes
680 2742 773 2812 medii,
792 2743 968 2813 spatiumque
985 2740 1097 2797 dedere.

430 2819 472 2873 At
488 2821 569 2888 peter
586 2820 704 2888 Aeaeos,
721 2819 817 2875 audito
833 2818 944 2874 nomine
961 2817 1054 2887 sumi,

393 2893 506 2950 Deserit
523 2898 554 2951 et
570 2911 670 2964 muros,
688 2898 718 2950 et
734 2912 855 2951 summas
872 2895 977 2951 deserit
993 2911 1077 2962 arces,

394 2968 618 3042 Praecipitstque
635 2986 726 3026 meras
743 2972 838 3038 omnis,
855 2987 940 3041 opera
957 2970 1049 3023 emnia
1064 2968 1177 3037 rumpit,

393 3046 515 3103 Iraetitic
531 3049 679 3116 exsultans,
695 3046 918 3115 horrendumque
935 3046 1044 3100 intonet
1060 3046 1156 3099 armis:
1212 3058 1250 3101 veo

394 3124 520 3189 Quantus
537 3124 636 3193 Athos,
653 3126 702 3178 aut
719 3127 840 3194 quantus
858 3124 938 3192 Eryx,
957 3125 1005 3176 aut
1022 3121 1089 3190 ipse,
1105 3119 1225 3175 coruscis

393 3198 465 3255 Gom
481 3200 575 3255 fremit
591 3200 707 3270 ilicibus,
724 3204 852 3271 quantus,
869 3198 1028 3269 gaudetque
1045 3197 1128 3251 nivali

393 3275 508 3330 Vertice
525 3292 556 3332 se
572 3276 700 3332 attollens
717 3280 798 3346 pater
816 3275 998 3345 Appenninus
1015 3274 1052 3328 ed
1069 3288 1156 3326 ouras

392 3349 455 3405 Iam
472 3367 538 3405 vere
554 3355 585 3407 et
603 3352 699 3406 Rutuli
716 3351 844 3408 certatim
861 3354 892 3405 et
909 3351 994 3405 Troes
1009 3352 1041 3403 et
1055 3364 1154 3402 omnes

390 3426 557 3480 Convertere
573 3428 667 3483 oculos
684 3429 761 3501 Itali,
780 3430 890 3502 quique
906 3428 968 3484 nra
981 3425 1127 3483 tenebant
1232 3429 1280 3473 Ν

373 3497 496 3567 Moeris,
514 3502 622 3572 quique
640 3504 715 3563 imos
733 3508 898 3579 pulsabunt
913 3506 1013 3563 ariete
1029 3512 1146 3564 muro&

362 3567 513 3685 A'gg'dflv
530 3575 700 3649 deposuere
719 3584 869 3648 humeris.
905 3584 1027 3656 Stupet
1042 3579 1118 3649 'mm
1129 3563 1273 3627 W'm‘
