3242 4159
400 530 448 579 134
633 526 663 576 P.
684 523 838 574 VERGILI
860 523 1027 573 MARONIS

400 609 566 677 Delphinum
583 607 684 662 caudas
701 609 780 659 utero
798 605 943 658 commissa
959 604 1093 673 luporum

401 685 529 738 Praestat
547 684 677 737 Trinacrii
695 686 783 736 metas
802 681 921 733 lustrare
940 680 1059 748 Pachyni

401 760 568 827 (lassantem,
586 759 681 827 longos
699 762 728 812 et
746 757 959 811 circumflectere
977 774 1080 823 cursus,
1224 774 1260 817 aa

401 836 489 900 Quam
507 835 591 889 semel
609 836 754 888 informem
772 836 850 888 vasto
868 833 975 887 vidisse
987 834 1039 888 sub
1057 838 1139 891 antro

400 912 515 980 Scyllam
533 915 562 965 et
579 910 710 965 caeruleis
728 909 841 965 canibus
859 911 1016 964 resonantia
1033 927 1106 967 saxa

401 988 556 1055 Praeterea,
574 988 596 1041 si
615 1004 670 1056 qua
688 990 731 1040 est
750 985 858 1039 Heleno
875 985 1030 1054 prudentia,
1048 988 1105 1042 vati

401 1064 430 1117 Si
448 1080 504 1132 qua
521 1064 598 1129 fides,
616 1064 736 1116 animum
755 1063 777 1116 si
796 1063 869 1117 veris
886 1061 974 1129 inplet
993 1063 1101 1133 Apollo,
1237 1123 1240 1129 ,

400 1140 493 1193 Unum
510 1138 578 1193 illud
596 1139 656 1207 tibi,
674 1144 739 1193 nate
757 1139 818 1207 dea,
835 1155 942 1208 proquo
959 1138 1085 1193 omnibus
1102 1157 1188 1195 unum
1224 1156 1259 1197 sss

401 1216 566 1282 Praedieam,
578 1219 607 1269 et
619 1220 747 1285 repetens
759 1216 915 1282 iterumque
927 1215 1084 1283 iterumque
1096 1216 1227 1272 monebo:

401 1290 512 1345 Iunonis
530 1307 645 1360 magnae
662 1291 780 1359 primum
798 1305 879 1358 prece
896 1305 996 1343 numen
1014 1290 1114 1357 adora;

400 1366 499 1421 Iunoni
516 1384 583 1421 cane
599 1371 664 1421 rota
680 1365 979 1433 libensdominamque
996 1369 1138 1435 potentem

399 1442 572 1512 supplicibus
590 1460 689 1513 supera
708 1442 799 1495 donis:
819 1442 858 1495 sic
876 1441 995 1510 denique
1011 1440 1099 1497 victor

400 1515 538 1573 Trinacria
555 1520 616 1572 finis
636 1519 722 1572 Italos
740 1518 851 1571 mittere
868 1517 971 1572 relicta
1220 1535 1258 1577 uo

400 1594 464 1649 Huc
481 1595 529 1648 ubi
547 1594 655 1648 delatus
674 1594 821 1663 Cymaeam
839 1594 985 1648 accesseris
1002 1595 1101 1652 urbem
1254 1623 1286 1652 x

400 1670 567 1740 Divinosque
585 1670 660 1725 lacus
678 1675 708 1725 et
726 1673 838 1725 Auerna
855 1670 981 1725 sonantia
998 1671 1082 1741 silvis,

401 1746 528 1801 insanam
547 1751 638 1801 votem
657 1748 779 1817 aspicies,
798 1764 870 1816 quae
887 1764 956 1816 rupe
973 1747 1026 1801 sub
1043 1748 1105 1802 ima

400 1821 471 1877 Fata
488 1824 562 1877 canit
579 1824 705 1893 foliisque
722 1827 802 1877 notas
821 1827 851 1877 et
867 1824 978 1878 nomina
994 1824 1115 1879 mandat

400 1898 593 1969 Quaecumque
610 1901 638 1953 in
656 1900 727 1954 foliis
746 1899 891 1969 descripsit
908 1901 1028 1954 carmina
1045 1900 1130 1969 virgo,
1221 1917 1257 1957 sss

399 1973 508 2042 Digerit
525 1975 554 2028 in
573 1993 717 2029 numerum
735 1980 820 2045 atque
837 1980 916 2030 antro
934 1975 1040 2029 seclusa
1056 1977 1197 2047 relinquit

400 2049 454 2104 Illa
470 2055 584 2112 manent
600 2051 704 2105 inmota
721 2051 787 2105 locis
804 2069 893 2121 neque
910 2052 946 2107 ab
963 2052 1059 2106 ordino
1076 2054 1194 2122 cedunt;

399 2125 504 2179 Verum
522 2125 625 2191 eadem,
644 2143 723 2180 verso
741 2129 832 2182 tenuis
844 2139 912 2182 ‘eum
929 2128 1042 2183 cardine
1058 2132 1158 2183 ventus

400 2200 506 2270 inpulit
524 2205 553 2255 et
570 2205 680 2255 teneras
697 2202 820 2257 turbavit
837 2205 918 2258 ianm
934 2204 1053 2273 frondeo,

399 2277 556 2347 Numquam
574 2277 674 2332 deinde
691 2295 757 2333 cavo
775 2279 918 2335 volitantia
934 2280 1070 2349 prendere
1087 2297 1163 2350 saxo,
1219 2296 1258 2337 tto
1286 2344 1288 2348 ,

399 2353 426 2407 N
428 2370 459 2407 ec
476 2371 603 2410 revocare
621 2355 690 2409 situs
707 2358 756 2409 aut
773 2355 887 2424 iungere
904 2356 1025 2410 carmina
1041 2359 1134 2411 curat:

400 2428 550 2485 Inconsulti
569 2431 679 2499 abeunt,
698 2432 848 2500 sedemque
866 2432 949 2486 odere
969 2432 1093 2500 Sibyllae

400 2504 455 2559 Hic
472 2507 525 2561 tibi
542 2524 577 2562 no
595 2524 650 2577 qua
666 2524 759 2561 morae
776 2507 879 2561 fuerint
896 2508 1041 2577 dispendia
1056 2509 1136 2576 tanti,

400 2581 528 2645 Quamvis
544 2584 709 2651 increpitent
726 2583 798 2651 socii,
817 2587 846 2637 et
864 2584 890 2637 vi
907 2600 1002 2638 cursus
1019 2585 1047 2638 in
1064 2584 1151 2639 altum

400 2656 471 2710 Vela
487 2661 566 2711 vocet
582 2658 724 2727 possisque
741 2660 815 2713 sinus
833 2659 938 2728 inplere
955 2661 1097 2728 secundos,
1217 2669 1255 2710 ⁴⁶5

401 2732 472 2796 Quin
490 2732 573 2786 adeas
590 2736 681 2786 ratem
699 2734 879 2802 precibusque
896 2736 1006 2790 oracula
1022 2752 1118 2804 poscas

400 2807 465 2877 Ipsa
482 2811 569 2874 canat,
588 2824 737 2877 uocemque
754 2811 848 2864 volens
866 2815 950 2881 atque
967 2828 1016 2866 ora
1032 2811 1158 2867 resolvat

401 2884 454 2939 Illa
471 2882 522 2938 tibi
540 2883 637 2938 Italiae
654 2886 769 2954 populos
786 2889 957 2957 venturaque
973 2888 1053 2957 bella

400 2961 438 3016 Et
455 2977 509 3030 quo
527 2976 663 3029 quemque
680 2962 762 3017 modo
778 2963 923 3034 fugiasque
939 2964 1067 3034 ferasque
1084 2964 1215 3024 laborem.

400 3036 544 3107 Expediet,
561 3053 711 3107 cursusque
730 3038 808 3093 dabit
826 3042 957 3095 venerata
974 3040 1114 3095 secundos.
1218 3057 1259 3096 sao

400 3113 478 3168 Hace
496 3116 567 3181 sunt,
586 3129 656 3181 quae
673 3117 768 3169 nostra
784 3114 867 3169 liceat
883 3118 913 3171 tc
930 3132 996 3171 voce
1012 3117 1122 3172 moneri.
1146 3114 1154 3129 '

399 3189 479 3243 Vade
497 3206 555 3258 age,
574 3193 604 3244 et
620 3189 761 3259 ingentem
777 3189 858 3245 factis
874 3191 917 3246 fer
933 3192 971 3245 ad
986 3192 1101 3247 aethera
1118 3191 1237 3249 Troiam.

435 3266 511 3330 Quae
527 3268 673 3334 postquam
691 3269 768 3321 vates
785 3266 826 3321 sic
842 3282 890 3321 oro
907 3267 1006 3322 effatus
1024 3268 1111 3323 amico
1128 3270 1182 3337 eat,

399 3339 478 3394 Dona
495 3340 593 3395 dehinc
610 3358 677 3395 auro
694 3342 789 3410 gravia
806 3347 936 3413 sectoque
953 3344 1099 3413 elephanto

385 3414 507 3482 Inperat
521 3416 561 3471 ad
577 3418 658 3474 navis
674 3418 753 3489 ferri,
770 3417 916 3489 stipatque
932 3420 1032 3473 earin'is
1222 3435 1280 3496 «u⁸

369 3486 484 3555 Ingens
499 3499 667 3568 argentum,
686 3497 923 3566 Dodonaeosque
935 3494 1063 3558 lebetas,

359 3556 493 3620 Loricam
513 3578 688 3633 consertam
708 3576 808 3634 hamis
829 3587 962 3643 auroque
978 3567 1120 3625 tr'il'icsms
