3242 4159
394 533 424 579 aa
627 528 657 576 Ρ.
676 528 831 577 venarer
848 499 1014 581 mancius

395 612 485 675 Quare
502 611 583 679 agite,
602 627 618 665 o
637 613 724 679 tectis,
743 614 863 677 iuvenes,
882 601 1021 666 succedite
1037 615 1151 672 nostris

394 687 440 740 Me
459 705 568 755 quoque
586 704 637 755 per
654 688 755 741 multos
773 686 870 740 similis
888 688 998 741 fortuna
1015 688 1125 745 labores

395 766 529 818 lactatam
548 765 598 817 hae
616 764 726 817 demum
744 765 831 818 voluit
849 765 998 818 consistere
1016 770 1099 821 terra.
1136 787 1138 791 ·

379 841 456 893 ·Non
475 842 570 908 ignara
587 841 651 893 mali
670 842 776 894 miseris
795 858 952 894 succurrere
970 840 1051 895 disco.
1221 862 1261 901 oso

395 918 438 971 Sic
455 921 604 983 memorat;
623 918 702 970 simul
722 922 836 972 Aenean
854 918 882 970 in
900 919 976 986 regia
993 917 1070 973 ducit

394 994 484 1062 Tecta,
503 994 581 1047 simul
601 994 692 1047 divom
711 996 820 1063 templis
837 994 933 1047 indicit
950 993 1086 1049 honorem.

395 1071 452 1123 'Nec
470 1071 559 1123 minus
577 1070 683 1124 interea
702 1072 779 1124 sociis
798 1071 834 1123 ad
852 1071 933 1123 litora
950 1070 1037 1123 mittit

394 1146 501 1213 Viginti
520 1150 620 1216 tauros,
638 1165 798 1216 magnorum
809 1146 957 1200 horrentia
974 1150 1083 1199 centum

394 1221 482 1289 Terga
494 1241 580 1293 suurn,
592 1226 699 1293 pinguis
711 1228 821 1277 centum
833 1240 894 1277 curn
907 1221 1041 1283 matribus
1052 1238 1145 1292 egenos,
1217 1241 1256 1279 aas

394 1298 510 1353 Munera
527 1300 716 1370 laetitiamque
734 1300 786 1353 dei.

395 1375 435 1427 At
453 1375 549 1430 domus
567 1377 681 1431 interior
698 1376 784 1444 regali
802 1374 947 1443 splendida
965 1373 1032 1427 luxu

395 1450 552 1519 Instruitur,
571 1454 725 1522 mediisque
742 1455 841 1518 parant
859 1450 979 1503 convivia
996 1449 1092 1504 tectis:

394 1529 465 1579 Arte
482 1527 622 1582 laboratae
639 1531 730 1581 vestes
748 1531 877 1595 ostroque
895 1526 1020 1594 superbo,

394 1602 494 1669 Ingens
512 1608 655 1673 argentum
673 1605 780 1670 mensis,
799 1602 960 1670 caelataque
977 1602 1006 1655 in
1023 1618 1091 1655 auro
1214 1620 1253 1659 oso

393 1677 486 1732 Fortia
503 1680 575 1733 iacta
592 1685 710 1749 patrum,
729 1681 813 1733 series
831 1679 987 1745 longissima
1004 1695 1096 1731 rerum

394 1753 507 1809 Portet
525 1755 608 1810 dueta
626 1757 698 1810 viros
715 1756 845 1824 antiquae
863 1755 898 1807 ab
916 1755 1020 1821 origine
1037 1755 1135 1821 gentis.

350 1825 381 1862 Ψ
427 1831 660 1902 Aeneas—neque
679 1832 751 1885 enirn
769 1832 874 1899 patrius
892 1832 1042 1885 consistere
1060 1833 1183 1884 mentem

392 1905 492 1961 Passus
507 1909 744 1977 amor-rapidum
763 1908 800 1961 ad
817 1908 893 1959 navis
910 1907 1063 1974 praemittit
1083 1906 1221 1973 Achaten,

368 2001 372 2006 ·
393 1983 510 2036 Ascanio
527 1985 598 2037 ferat
615 1985 689 2050 haec,
707 1985 851 2052 ipsumque
868 1982 904 2035 ad
922 1983 1027 2035 moenia
1044 1981 1129 2035 ducat
1134 2004 1143 2051 ;
1212 1996 1253 2037 aaa

392 2058 487 2111 Omnis
505 2059 533 2111 in
553 2060 670 2112 Ascanio
689 2060 743 2113 cari
762 2062 820 2112 stat
837 2075 902 2112 cura
919 2059 1049 2127 parentis.

391 2134 507 2187 Munera
524 2139 674 2203 praetcrea,
694 2135 784 2188 Iliacis
802 2138 898 2203 erepta
915 2134 1007 2201 ruinis,

393 2210 477 2263 Ferre
494 2210 578 2279 iubet,
597 2211 697 2279 pallam
716 2212 800 2279 signis
819 2229 939 2281 auroque
957 2213 1099 2280 rigentem,

392 2286 430 2340 Et
446 2286 655 2341 circumtextum
673 2304 767 2340 croceo
786 2289 908 2341 velamen
926 2287 1049 2354 acantho,
1078 2321 1082 2328 ·

393 2362 511 2416 Ornatus
531 2365 652 2432 Argivae
671 2365 801 2432 Helenae,
820 2382 888 2433 quos
906 2365 952 2417 illa
969 2363 1098 2431 Mycenis,
1212 2380 1251 2419 aso

392 2438 527 2506 Pergama
544 2458 605 2493 cum
623 2444 732 2508 peteret
749 2441 972 2508 inconcessosque
990 2440 1170 2508 Hymenaeos,
1206 2447 1208 2450 '

392 2514 543 2583 Extulerat,
560 2518 656 2571 matris
675 2517 767 2569 Ledae
785 2516 909 2570 mirabile
926 2516 1040 2569 donum:
1078 2503 1088 2524 ⁸

392 2591 539 2644 Praeterea
557 2597 702 2659 sceptrum,
721 2593 808 2645 iliona
827 2593 900 2661 quod
918 2595 1041 2659 gesserat
1058 2592 1130 2659 olim,

391 2665 521 2719 Maxuma
538 2671 664 2720 natarum
684 2669 793 2736 Priami,
811 2669 935 2737 colloque
953 2669 1052 2721 monile

392 2741 531 2808 Baeatum,
550 2746 578 2795 et
596 2742 731 2810 duplicem
750 2746 865 2812 gemmis
882 2762 1003 2813 auroque
1021 2761 1155 2798 eoronam.
1212 2762 1251 2801 eos

392 2817 469 2870 Haec
487 2817 607 2871 celerans
625 2820 681 2872 iter
699 2820 734 2872 ad
752 2821 828 2874 navis
846 2821 979 2874 tendebat
998 2820 1127 2874 Achates.

426 2895 467 2945 At
486 2893 620 2961 Cytherea
638 2912 721 2949 novas
741 2898 816 2964 artis,
833 2914 902 2950 nova
920 2901 1031 2967 pectore
1049 2899 1142 2951 versat

391 2968 516 3033 Consilia,
534 2974 565 3023 ut
582 2971 678 3025 faciem
696 2977 818 3026 mutatus
836 2978 865 3027 et
882 2991 930 3027 ora
949 2973 1055 3042 Cupido
1093 2994 1099 3004 ·

392 3044 445 3097 Pro
464 3045 537 3099 dulci
556 3049 673 3101 Ascanio
692 3050 789 3114 veniat,
809 3050 944 3118 donisque
961 3051 1099 3103 furentem

392 3120 525 3174 Incendat
542 3124 671 3190 reginam,
690 3127 773 3192 atque
792 3126 898 3179 ossibus
916 3127 1028 3195 inplicet
1046 3125 1152 3193 ignem
1210 3141 1251 3181 eoo

392 3196 497 3266 Quippe
516 3199 626 3252 domum
644 3200 724 3254 timet
742 3201 897 3269 ambiguam
917 3203 1066 3272 Tyriosque
1083 3195 1229 3271 bilinguis;
1281 3243 1291 3262 ,

391 3271 455 3326 Urit
472 3278 551 3327 atrox
571 3276 646 3343 Iunc,
665 3280 695 3330 ct
712 3277 763 3330 sub
780 3282 889 3331 nectem
908 3295 973 3332 cura
989 3281 1120 3333 recursat

391 3347 463 3416 Ergo
480 3350 524 3403 his
541 3352 672 3419 aligerum
691 3353 771 3407 (lictis
788 3354 899 3407 adfatur
918 3358 1063 3408 Amorem:

382 3423 464 3491 Nate,
483 3441 563 3481 meae
582 3429 660 3498 n'res,
679 3447 742 3485 mea
758 3447 860 3500 magna
875 3434 1002 3501 potentia
1017 3432 1101 3496 solus,

367 3494 452 3568 Nate,
469 3505 566 3571 patris
583 3509 687 3563 sunrmi
707 3510 758 3581 qui
775 3509 838 3563 tela
852 3507 983 3578 'ipphoia
997 3504 1110 3566 temffl,
1223 3516 1264 3553 ἢ

350 3570 409 3625 Ad
425 3578 460 3630 te
478 3582 617 3653 confugio
638 3591 669 3643 et
689 3587 819 3660 supplex
836 3590 891 3642 tua
906 3583 1027 3638 numina
1039 3590 1136 3648 poseo.
