3242 4159
632 524 816 576 AENEIDOS
832 525 902 576 LIB.
919 525 971 577 VL
1178 526 1227 577 205

352 649 355 655 -
371 607 433 664 Sed
449 622 506 662 nox
521 607 584 662 atra
600 610 682 675 eaput
699 608 774 661 tristi
791 608 968 663 circumvolat
984 608 1090 664 umbra
1189 623 1228 664 soa
1248 615 1251 621 '

372 685 445 738 Tum
462 686 544 753 pater
561 682 703 750 Anchises,
721 683 839 737 lacrimis
856 684 994 753 ingrcssus
1011 684 1129 740 obortis:

372 760 399 814 0
417 763 509 829 gnate,
527 760 666 827 ingentem
682 758 787 812 luctum
803 776 839 813 ne
857 776 957 829 quaere
975 764 1100 826 tuorum3

373 834 532 891 Ostendent
548 834 632 889 terris
649 834 721 887 huno
737 837 846 889 tanturn
863 835 928 906 fata,
945 853 1034 906 neque
1050 836 1124 890 ultra

372 912 445 967 lisso
462 912 558 965 sinent
594 905 715 963 Nimium
733 908 810 963 vobis
829 910 953 965 Romana
969 929 1091 982 propago
1190 925 1227 968 ero

373 987 444 1041 Visa
460 990 566 1055 potens,
585 986 691 1055 Superi,
708 986 820 1056 propria
836 985 904 1041 haec
922 988 946 1041 si
964 988 1036 1042 dona
1052 989 1176 1042 fuissent.

374 1064 499 1129 Quantos
516 1064 563 1118 ille
571 1065 577 1128 ,ζ
580 1062 668 1117 virum
686 1078 814 1129 magnam
832 1062 965 1127 Mavortis
982 1062 1019 1118 ad
1035 1064 1133 1117 urbem

374 1140 496 1208 Campus
513 1142 577 1208 aget
594 1136 726 1207 gemitus!
745 1138 885 1206 reiquae,
904 1139 1038 1208 Tiberine,
1056 1139 1163 1193 videbis

374 1216 492 1284 Funera,
511 1232 574 1270 cum
589 1215 726 1269 tumulum
742 1215 947 1283 praeterlabere
960 1219 1115 1270 recentem!

373 1291 401 1346 N
403 1308 435 1346 cc
452 1308 522 1360 puer
539 1290 784 1359 iliaca'quisquam
802 1290 839 1344 de
856 1296 940 1358 gente
958 1291 1071 1345 Latinos
1190 1303 1226 1346 87⁵

362 1368 411 1422 'In
427 1372 536 1423 tantum
554 1384 603 1437 spe
620 1367 699 1422 tollet
717 1382 788 1434 avos,
805 1383 857 1420 nec
874 1366 991 1421 Romula
1008 1367 1146 1433 quondam

373 1444 440 1499 Ullo
458 1461 488 1499 se
504 1447 614 1499 tantum
632 1443 713 1498 tellus
729 1442 844 1497 iactabit
860 1442 975 1497 alumno.

375 1520 441 1575 Heu
457 1521 558 1590 pietas,
571 1520 627 1575 hou
644 1520 734 1589 prisca
750 1519 828 1587 fides,
845 1518 1003 1589 invictaque
1019 1518 1091 1573 bello

374 1595 510 1651 Dextera!
528 1610 583 1651 non
599 1596 639 1650 illi
657 1612 687 1650 se
705 1596 848 1664 quisquam
864 1596 965 1663 inpune
982 1595 1092 1650 tulisset

374 1672 479 1728 Obvius
496 1675 609 1741 armato,
627 1689 675 1726 seu
693 1688 755 1725 oum
772 1671 859 1741 pedes
875 1672 930 1725 irct
947 1671 976 1725 in
993 1671 1108 1739 hostem,
1162 1690 1164 1693 ·
1187 1684 1225 1726 aso

374 1750 431 1805 Seu
448 1749 598 1823 spumantis
616 1748 680 1817 equi
697 1747 806 1801 foderet
824 1745 974 1801 calcaribus
991 1764 1089 1801 armos.

374 1825 449 1892 Heu,
465 1824 619 1879 miserande
636 1827 719 1892 puori
739 1823 762 1876 si
780 1838 835 1891 qua
851 1823 909 1876 fata
925 1839 1024 1891 aspera
1041 1838 1158 1891 rumpas,

374 1900 417 1955 'lu
434 1900 580 1967 Marcellus
598 1899 658 1953 eris.
695 1899 825 1953 Manibus
842 1899 908 1952 date
924 1899 981 1952 lilia
998 1899 1093 1967 plenis,

374 1976 532 2045 Purpureos
550 1992 676 2046 spargam
693 1976 782 2041 flores,
800 1976 972 2044 animamque
988 1976 1097 2044 nepotis

375 2053 430 2107 His
448 2054 546 2107 saltem
562 2052 733 2106 adcumulem
752 2052 837 2119 donis,
859 2056 888 2106 et
904 2051 1002 2120 fungar
1018 2053 1091 2107 inani
1187 2060 1225 2106 sss

375 2129 581 2185 Mancre—Sic
598 2131 659 2183 tota
676 2128 778 2197 passim
795 2127 908 2196 regione
924 2131 1059 2196 vagantur

374 2206 459 2260 Acris
475 2206 505 2259 in
521 2206 623 2274 campis
640 2205 713 2273 latis,
729 2208 814 2273 atque
831 2204 921 2258 omnia
937 2204 1061 2259 lustrant.

375 2282 452 2347 Quae
469 2284 615 2350 postquam
634 2281 768 2335 Anchises
785 2283 880 2334 natum
897 2296 949 2348 per
966 2280 1070 2347 singula
1087 2279 1175 2347 duxit,

375 2358 557 2426 Incenditquc
574 2359 693 2413 animum
709 2358 798 2411 famae
815 2355 951 2410 venientis
967 2371 1066 2422 amoro,
1137 2417 1140 2422 ,

375 2434 447 2487 Exin
464 2433 537 2488 bella
553 2427 611 2488 viro
629 2437 764 2488 memorat
781 2448 852 2501 quae
870 2430 971 2485 deindo
988 2431 1117 2497 geronda,
1186 2445 1224 2485 sao

374 2509 574 2578 Laurentisque
593 2510 674 2564 docet
691 2508 804 2578 populos
822 2506 974 2575 urbemque
992 2506 1092 2574 Latini,

374 2584 412 2641 Et
430 2602 485 2653 quo
502 2602 639 2654 quemque
656 2585 737 2640 modo
755 2584 896 2652 fugiatque
913 2582 1040 2651 feratque
1057 2583 1186 2637 laborem.

409 2660 481 2715 Sunt
498 2662 622 2729 geminae
640 2661 731 2715 Somni
748 2664 854 2729 portae,
872 2675 988 2728 quarum
1006 2659 1094 2714 altera
1110 2659 1200 2713 fertur

374 2737 488 2805 Cornea,
505 2753 561 2807 qua
577 2738 650 2791 rcris
666 2736 752 2790 facilis
770 2736 854 2792 datur
871 2736 962 2790 exitus
978 2735 1106 2802 Umbris;

374 2813 475 2867 Altera
491 2813 620 2868 candenti
635 2813 757 2881 perfecta
767 2813 865 2884 ¹nitens
882 2813 1035 2881 clephantc‚
1187 2827 1224 2866 eos

372 2888 431 2944 Sed
448 2889 517 2944 falsa
533 2888 571 2944 ad
588 2888 693 2943 caelum
711 2890 826 2946 mittunt
843 2890 976 2943 insomnia
992 2890 1096 2943 Manes

372 2966 429 3021 His
446 2965 494 3018 ubi
512 2969 572 3019 tum
589 2967 685 3019 natum
703 2964 837 3018 Anchises
854 2981 964 3032 unaque
982 2965 1112 3032 Sibyllam

372 3042 556 3110 Prosequitur
573 3041 663 3109 dictis,
680 3044 816 3110 portaque
834 3040 937 3093 emittit
954 3039 1064 3106 eburna,

372 3117 427 3172 Ille
444 3117 516 3171 viam
534 3121 608 3172 secat
625 3117 663 3171 ad
679 3116 755 3170 navis
772 3115 913 3183 sociosque
930 3115 1038 3177 revisit;

372 3194 443 3248 rum
461 3193 545 3247 seed
563 3193 675 3248 Caietae
691 3196 767 3247 recto
783 3191 840 3245 fert
857 3190 937 3243 litore
954 3193 1071 3258 portum.
1186 3201 1223 3243 eoo

371 3271 486 3325 Ancora
503 3268 540 3325 de
556 3285 639 3339 prora
654 3269 767 3335 iacitur3
785 3268 861 3323 stant
877 3265 958 3320 litore
973 3275 1086 3334 puppes
