3242 4159
382 615 511 670 Telorum
528 618 636 670 interea
654 615 743 667 cessat
759 626 854 680 genus.

417 691 591 746 Vestibulum
609 689 699 743 ante
692 704 781 756 ipsum
798 687 943 755 primoque
960 687 989 742 iu
1006 683 1103 742 limine
1123 687 1239 758 Pyrrhus

382 767 480 821 Exsult
468 771 517 834 t,at
536 769 600 822 telis
618 771 647 820 et
665 766 725 818 luce
743 779 871 817 coruscus
888 777 989 829 uenas
1207 778 1239 818 4⁷⁰

383 842 476 906 Qualis
494 844 568 896 ubi
560 861 589 897 111
607 844 695 896 lucem
713 838 825 893 coluber
843 838 915 891 mala
932 838 1058 905 gramina
1075 844 1183 909 pastus,

383 918 496 987 Frigida
514 919 564 973 sub
583 923 658 974 terra
675 914 814 970 tumidum
833 930 915 983 quem
933 914 1032 969 bruma
1049 916 1174 984 tegebat,

381 993 468 1058 Nunc,
487 996 583 1065 positis
600 1010 687 1047 novus
706 991 812 1045 exuviis
830 990 990 1060 nitidusque
1008 991 1131 1060 iuventa,

381 1068 501 1125 Lubrica
518 1071 653 1125 convolvit
671 1068 778 1123 sublate
797 1070 910 1135 pectore
928 1070 1009 1135 terga

382 1147 496 1200 Arduus
513 1148 550 1200 ud
567 1147 659 1214 solem,
678 1149 708 1199 et
725 1144 826 1211 linguis
844 1142 928 1197 micat
946 1159 994 1198 ore
1011 1143 1141 1199 trisulcis,
1206 1159 1240 1199 ers

381 1222 445 1277 Una
462 1224 558 1292 ingens
580 1223 712 1293 Periphas
731 1224 760 1274 et
780 1236 912 1289 equorum
931 1221 1052 1289 agitator
1070 1220 1196 1288 Achillis,

382 1300 512 1368 Armiger
531 1299 715 1365 Automedon,
734 1314 790 1351 una
807 1297 895 1349 omnis
913 1298 1007 1367 Scyria
1023 1296 1113 1366 pubes

382 1375 537 1431 Succedunt
554 1380 636 1444 tecto,
656 1378 685 1429 et
702 1374 827 1427 flammas
845 1372 881 1426 ad
899 1375 1018 1428 eulmina
1036 1374 1150 1429 iactant

383 1450 447 1519 lpse
464 1452 538 1506 inter
555 1453 657 1520 primos
677 1453 803 1518 correpta
822 1450 892 1503 dura
909 1450 1021 1519 bipenni

382 1527 489 1581 Limina
506 1528 668 1597 perrumpit,
687 1526 831 1594 postisque
849 1542 866 1579 a
883 1527 994 1580 cardine
1013 1526 1091 1580 vellit
1205 1544 1241 1582 ssu

382 1604 516 1668 Aerat0s3
534 1604 644 1671 iamque
663 1601 754 1655 excisa
772 1602 852 1656 trabe
870 1603 949 1657 firma
966 1603 1072 1657 cavavit

382 1678 500 1746 Robora,
518 1682 548 1732 et
565 1678 706 1746 ingentem
725 1676 783 1730 lato
803 1677 884 1731 dedit
902 1694 949 1731 ere
967 1679 1125 1733 fenestram.

383 1756 510 1824 Adparet
528 1755 626 1809 dumus
644 1756 727 1821 intus,
747 1756 777 1807 et
795 1754 866 1807 atria
884 1754 965 1823 longa
982 1749 1146 1824 patescunt3

382 1832 529 1899 Adparent
549 1831 651 1885 Priami
669 1833 699 1884 et
716 1833 842 1883 veterum
859 1831 1014 1899 penetralia
1030 1848 1137 1901 regum,

382 1908 568 1975 Armatosque
586 1908 682 1960 vident
701 1906 800 1959 stantis
815 1906 846 1959 in
864 1907 957 1959 limine
976 1908 1073 1976 primo.
1205 1923 1243 1962 sse

417 1984 458 2036 At
475 1982 572 2035 domus
589 1983 704 2035 interior
721 1982 829 2049 gemitu
848 1982 1003 2052 miseroque
1020 1983 1143 2039 tumultu

382 2058 523 2124 Miscetur,
541 2058 706 2126 penitusque
723 2074 805 2111 cavae
823 2058 999 2127 plangoribus
1017 2060 1102 2115 aedes

383 2133 518 2187 Femineis
535 2132 657 2197 ululant;
674 2134 740 2186 ferit
759 2150 843 2186 aurea
861 2135 951 2188 sidera
968 2135 1078 2191 clamor.

382 2210 450 2263 'lum
468 2208 583 2276 pavidae
601 2208 684 2261 tectis
703 2212 806 2262 inatres
825 2209 985 2277 ingentibus
1003 2215 1104 2281 errant,

383 2284 591 2354 Amplexaeque
609 2287 705 2337 tenent
721 2285 808 2352 postis
827 2288 913 2354 atque
930 2286 1022 2340 osenla
1039 2287 1135 2355 figunt.
1205 2303 1244 2343 seo

383 535 430 582 114
544 543 547 550 ·
619 529 825 581 RVERGILI
842 527 1012 579 MARONIS
1272 446 1288 778 1

383 2362 475 2415 Instat
492 2360 518 2414 vi
535 2360 627 2429 patria
645 2360 781 2429 Pyrrhus3
799 2377 850 2414 nee
868 2362 998 2431 claustra*
1011 2379 1102 2432 neque
1118 2364 1173 2432 ipsi

383 2438 519 2493 Custodes
537 2439 651 2493 sufferre
668 2436 776 2502 valent3
794 2436 870 2491 labat
888 2437 976 2492 ariete
993 2438 1090 2493 erebro

384 2515 478 2582 lanua,
496 2518 525 2569 et
542 2515 626 2569 emoti
643 2513 828 2583 procumbunt
846 2515 957 2568 cardine
975 2520 1076 2583 postes

384 2591 431 2645 Fit
447 2591 491 2644 via
507 2591 549 2655 vi;
565 2594 696 2658 rumpunt
714 2589 814 2658 aditus,
832 2591 989 2660 primosque
1005 2591 1148 2646 tumidant

385 2664 495 2719 inmissi
514 2666 609 2732 Danai,
629 2669 658 2719 et
675 2666 732 2719 lato
749 2666 808 2719 loca
825 2667 913 2720 milite
930 2666 1066 2735 conplent
1206 2684 1244 2721 sus

384 2741 447 2794 Non
466 2742 511 2808 sic,
529 2741 676 2807 aggeribus
695 2742 784 2808 ruptis
802 2759 865 2795 cum
884 2760 1014 2811 spumeus
1031 2743 1120 2797 amuis

384 2817 460 2870 Exiit
478 2817 672 2885 oppositasque
691 2816 771 2870 evicit
789 2819 900 2885 gurgite
917 2820 1012 2887 moles,

386 2892 487 2946 Fertur
504 2893 532 2945 iu
549 2908 615 2945 arva
632 2892 726 2944 furens
745 2893 860 2959 cumulo,
879 2911 1044 2964 camposque
1061 2911 1112 2964 per
1129 2895 1219 2948 omnis

385 2970 455 3023 Cum
473 2968 588 3022 stabulis
608 2972 735 3022 armenta
754 2970 849 3024 trahit.
869 2971 937 3024 Vidi
954 2971 1014 3041 ipse
1030 2972 1168 3030 irrentorn

386 3044 695 3115 CaedeNeoptoleurum
705 3046 883 3115 geminosque
892 3048 920 3100 in
928 3048 1020 3101 limine
1030 3048 1161 3113 Atridam
1208 3063 1245 3101 soe

385 3122 452 3177 Vidi
467 3122 609 3177 Hecubam
622 3124 789 3190 centumque
803 3139 896 3191 nurus,
910 3123 1106 3192 Prizunumque
1117 3139 1168 3192 per
1182 3139 1245 3178 aras

386 3197 524 3266 Sanguine
541 3198 707 3265 foedantem,
727 3214 795 3268 quos
814 3199 874 3267 ipse
892 3204 1054 3268 sacraverat,
1072 3200 1151 3268 ignis.

387 3274 590 3343 Quinquaginta
607 3275 646 3328 illi
665 3274 785 3344 thalami,
804 3291 867 3342 spes
885 3278 965 3329 tanta
982 3278 1122 3345 nepotum,

387 3348 534 3403 Barbarico
553 3356 645 3419 postes
665 3368 730 3404 auro
749 3351 898 3420 spoliisque
916 3352 1036 3421 superbi,

387 3425 574 3493 Procubuere,·
592 3430 689 3482 tenent
706 3427 803 3497 Danai,
823 3444 879 3497 qua
896 3428 1014 3481 delicit
1006 3428 1088 3494 ignis
1209 3441 1246 3483 aas

404 3500 586 3560 Forsitant
556 3508 592 3574 et,
613 3505 724 3562 Priami
743 3505 853 3562 luerint
871 3520 946 3574 qsiae
961 3504 1033 3568 iata,
1046 3502 1202 3563 requiras

354 3569 442 3628 Urbis
461 3580 507 3633 uti
523 3587 633 3654 captae
653 3602 755 3642 casum
774 3581 974 3645 conversanae
991 3574 1070 3627 iffi
