<?xml version="1.0" encoding="UTF-8"?>
<!DOCTYPE html PUBLIC "-//W3C//DTD XHTML 1.0 Transitional//EN"
    "http://www.w3.org/TR/xhtml1/DTD/xhtml1-transitional.dtd">
<html xmlns="http://www.w3.org/1999/xhtml" xml:lang="en" lang="en">
 <head>
  <title>
</title>
<meta http-equiv="Content-Type" content="text/html;charset=utf-8" />
  <meta name='ocr-system' content='tesseract 3.04.00' />
  <meta name='ocr-capabilities' content='ocr_page ocr_carea ocr_par ocr_line ocrx_word'/>
</head>
<body>
  <div class='ocr_page' id='page_1' title='image "./publivergilimar00conigoog/publivergilimar00conigoog_0218.png"; bbox 0 0 3242 4159; ppageno 0'>
   <div class='ocr_carea' id='block_1_1' title="bbox 382 522 1001 581">
    <p class='ocr_par' dir='ltr' id='par_1_1' title="bbox 382 522 1001 581">
     <span class='ocr_line' id='line_1_1' title="bbox 382 522 1001 581; baseline -0.016 -1"><span class='ocrx_word' id='word_1_1' title='bbox 382 530 429 581; x_wconf 74' lang='lat'>192</span> <span class='ocrx_word' id='word_1_2' title='bbox 618 524 648 573; x_wconf 84' lang='lat' dir='ltr'>P.</span> <span class='ocrx_word' id='word_1_3' title='bbox 665 523 819 573; x_wconf 77' lang='lat' dir='ltr'><strong>VERGILI</strong></span> <span class='ocrx_word' id='word_1_4' title='bbox 834 522 1001 571; x_wconf 76' lang='lat' dir='ltr'>MARONIS</span> 
     </span>
    </p>
   </div>
   <div class='ocr_carea' id='block_1_2' title="bbox 347 601 1246 3647">
    <p class='ocr_par' dir='ltr' id='par_1_2' title="bbox 380 601 1118 673">
     <span class='ocr_line' id='line_1_2' title="bbox 380 601 1118 673; baseline -0.007 -11"><span class='ocrx_word' id='word_1_5' title='bbox 380 609 445 662; x_wconf 90' lang='lat' dir='ltr'>Dux</span> <span class='ocrx_word' id='word_1_6' title='bbox 463 604 636 673; x_wconf 77' lang='lat' dir='ltr'>Anchisiade,</span> <span class='ocrx_word' id='word_1_7' title='bbox 655 620 706 659; x_wconf 89' lang='lat' dir='ltr'>nee</span> <span class='ocrx_word' id='word_1_8' title='bbox 723 620 768 657; x_wconf 92' lang='lat' dir='ltr'>me</span> <span class='ocrx_word' id='word_1_9' title='bbox 785 603 855 658; x_wconf 86' lang='lat' dir='ltr'>deus</span> <span class='ocrx_word' id='word_1_10' title='bbox 872 618 992 671; x_wconf 86' lang='lat' dir='ltr'>aequore</span> <span class='ocrx_word' id='word_1_11' title='bbox 1009 601 1118 657; x_wconf 79' lang='lat' dir='ltr'>mersit</span> 
     </span>
    </p>

    <p class='ocr_par' dir='ltr' id='par_1_3' title="bbox 380 673 1127 752">
     <span class='ocr_line' id='line_1_3' title="bbox 380 673 1127 752; baseline -0.012 -13"><span class='ocrx_word' id='word_1_12' title='bbox 380 673 507 752; x_wconf 85' lang='lat' dir='ltr'>Namque</span> <span class='ocrx_word' id='word_1_13' title='bbox 524 681 720 751; x_wconf 81' lang='lat' dir='ltr'>gubernaclum</span> <span class='ocrx_word' id='word_1_14' title='bbox 739 680 827 733; x_wconf 89' lang='lat' dir='ltr'>multa</span> <span class='ocrx_word' id='word_1_15' title='bbox 844 678 871 733; x_wconf 81' lang='lat' dir='ltr'>vi</span> <span class='ocrx_word' id='word_1_16' title='bbox 888 679 961 733; x_wconf 83' lang='lat' dir='ltr'>forte</span> <span class='ocrx_word' id='word_1_17' title='bbox 980 678 1127 749; x_wconf 80' lang='lat' dir='ltr'>revulsum,</span> 
     </span>
    </p>

    <p class='ocr_par' dir='ltr' id='par_1_4' title="bbox 380 756 1235 824">
     <span class='ocr_line' id='line_1_4' title="bbox 380 756 1235 824; baseline -0.006 -11"><span class='ocrx_word' id='word_1_18' title='bbox 380 760 432 813; x_wconf 77' lang='lat' dir='ltr'>Oui</span> <span class='ocrx_word' id='word_1_19' title='bbox 450 759 531 813; x_wconf 90' lang='lat' dir='ltr'>datus</span> <span class='ocrx_word' id='word_1_20' title='bbox 548 758 695 811; x_wconf 78' lang='lat' dir='ltr'>haerebam</span> <span class='ocrx_word' id='word_1_21' title='bbox 713 759 805 810; x_wconf 86' lang='lat' dir='ltr'>eustos</span> <span class='ocrx_word' id='word_1_22' title='bbox 823 771 976 824; x_wconf 88' lang='lat' dir='ltr'>cursusque</span> <span class='ocrx_word' id='word_1_23' title='bbox 997 756 1137 823; x_wconf 81' lang='lat' dir='ltr'>regebam,</span> <span class='ocrx_word' id='word_1_24' title='bbox 1201 772 1235 815; x_wconf 68' lang='lat' dir='ltr'>aa</span> 
     </span>
    </p>

    <p class='ocr_par' dir='ltr' id='par_1_5' title="bbox 380 830 1111 903">
     <span class='ocr_line' id='line_1_5' title="bbox 380 830 1111 903; baseline -0.007 -13"><span class='ocrx_word' id='word_1_25' title='bbox 380 835 567 903; x_wconf 77' lang='lat' dir='ltr'>Praecipitans</span> <span class='ocrx_word' id='word_1_26' title='bbox 586 833 657 887; x_wconf 81' lang='lat' dir='ltr'>traxi</span> <span class='ocrx_word' id='word_1_27' title='bbox 676 848 788 886; x_wconf 84' lang='lat' dir='ltr'>meeum</span> <span class='ocrx_word' id='word_1_28' title='bbox 827 830 916 885; x_wconf 87' lang='lat' dir='ltr'>Maria</span> <span class='ocrx_word' id='word_1_29' title='bbox 934 847 1032 900; x_wconf 81' lang='lat' dir='ltr'>aspera</span> <span class='ocrx_word' id='word_1_30' title='bbox 1050 831 1111 885; x_wconf 88' lang='lat' dir='ltr'>iuro</span> 
     </span>
    </p>

    <p class='ocr_par' dir='ltr' id='par_1_6' title="bbox 380 908 1079 979">
     <span class='ocr_line' id='line_1_6' title="bbox 380 908 1079 979; baseline -0.004 -15"><span class='ocrx_word' id='word_1_31' title='bbox 380 912 442 965; x_wconf 83' lang='lat' dir='ltr'>Non</span> <span class='ocrx_word' id='word_1_32' title='bbox 459 911 545 964; x_wconf 93' lang='lat' dir='ltr'>ullum</span> <span class='ocrx_word' id='word_1_33' title='bbox 562 927 612 979; x_wconf 91' lang='lat' dir='ltr'>pro</span> <span class='ocrx_word' id='word_1_34' title='bbox 631 927 675 963; x_wconf 89' lang='lat' dir='ltr'>me</span> <span class='ocrx_word' id='word_1_35' title='bbox 694 912 802 962; x_wconf 84' lang='lat' dir='ltr'>tantum</span> <span class='ocrx_word' id='word_1_36' title='bbox 820 908 925 977; x_wconf 75' lang='lat' dir='ltr'>cepisse</span> <span class='ocrx_word' id='word_1_37' title='bbox 942 908 1079 975; x_wconf 87' lang='lat' dir='ltr'>timorem,</span> 
     </span>
    </p>

    <p class='ocr_par' dir='ltr' id='par_1_7' title="bbox 381 984 1131 1054">
     <span class='ocr_line' id='line_1_7' title="bbox 381 984 1131 1054; baseline -0.007 -13"><span class='ocrx_word' id='word_1_38' title='bbox 381 987 468 1052; x_wconf 80' lang='lat' dir='ltr'>Quam</span> <span class='ocrx_word' id='word_1_39' title='bbox 486 992 593 1053; x_wconf 87' lang='lat' dir='ltr'>tuane,</span> <span class='ocrx_word' id='word_1_40' title='bbox 613 986 729 1054; x_wconf 87' lang='lat' dir='ltr'>spoliata</span> <span class='ocrx_word' id='word_1_41' title='bbox 746 985 836 1052; x_wconf 89' lang='lat' dir='ltr'>armis,</span> <span class='ocrx_word' id='word_1_42' title='bbox 856 1000 972 1038; x_wconf 80' lang='lat' dir='ltr'>excussa</span> <span class='ocrx_word' id='word_1_43' title='bbox 989 984 1131 1051; x_wconf 78' lang='lat' dir='ltr'>magistro,</span> 
     </span>
    </p>

    <p class='ocr_par' dir='ltr' id='par_1_8' title="bbox 381 1059 1015 1129">
     <span class='ocr_line' id='line_1_8' title="bbox 381 1059 1015 1129; baseline -0.003 -12"><span class='ocrx_word' id='word_1_44' title='bbox 381 1063 518 1117; x_wconf 85' lang='lat' dir='ltr'>Deficeret</span> <span class='ocrx_word' id='word_1_45' title='bbox 536 1063 620 1116; x_wconf 89' lang='lat' dir='ltr'>tantis</span> <span class='ocrx_word' id='word_1_46' title='bbox 639 1062 715 1114; x_wconf 83' lang='lat' dir='ltr'>navis</span> <span class='ocrx_word' id='word_1_47' title='bbox 733 1059 909 1129; x_wconf 78' lang='lat' dir='ltr'>surgentibus</span> <span class='ocrx_word' id='word_1_48' title='bbox 928 1060 1015 1115; x_wconf 79' lang='lat' dir='ltr'>undis</span> 
     </span>
    </p>

    <p class='ocr_par' dir='ltr' id='par_1_9' title="bbox 380 1136 1237 1205">
     <span class='ocr_line' id='line_1_9' title="bbox 380 1136 1237 1205; baseline -0.005 -14"><span class='ocrx_word' id='word_1_49' title='bbox 380 1138 440 1191; x_wconf 77' lang='lat' dir='ltr'>&#39;liis</span> <span class='ocrx_word' id='word_1_50' title='bbox 458 1139 484 1191; x_wconf 88' lang='lat' dir='ltr'>N</span> <span class='ocrx_word' id='word_1_51' title='bbox 486 1143 548 1192; x_wconf 88' lang='lat' dir='ltr'>otus</span> <span class='ocrx_word' id='word_1_52' title='bbox 565 1138 693 1192; x_wconf 90' lang='lat' dir='ltr'>hibernas</span> <span class='ocrx_word' id='word_1_53' title='bbox 711 1138 834 1191; x_wconf 90' lang='lat' dir='ltr'>inmensa</span> <span class='ocrx_word' id='word_1_54' title='bbox 851 1153 901 1205; x_wconf 86' lang='lat' dir='ltr'>per</span> <span class='ocrx_word' id='word_1_55' title='bbox 919 1152 1039 1205; x_wconf 85' lang='lat' dir='ltr'>aequora</span> <span class='ocrx_word' id='word_1_56' title='bbox 1055 1136 1150 1189; x_wconf 82' lang='lat' dir='ltr'>nectes</span> <span class='ocrx_word' id='word_1_57' title='bbox 1202 1144 1237 1187; x_wconf 74' lang='lat' dir='ltr'>aaa</span> 
     </span>
    </p>

    <p class='ocr_par' dir='ltr' id='par_1_10' title="bbox 379 1213 1091 1283">
     <span class='ocr_line' id='line_1_10' title="bbox 379 1213 1091 1283; baseline 0 -16"><span class='ocrx_word' id='word_1_58' title='bbox 379 1214 467 1268; x_wconf 84' lang='lat' dir='ltr'>Vexit</span> <span class='ocrx_word' id='word_1_59' title='bbox 484 1232 529 1269; x_wconf 91' lang='lat' dir='ltr'>me</span> <span class='ocrx_word' id='word_1_60' title='bbox 547 1215 683 1268; x_wconf 85' lang='lat' dir='ltr'>violentus</span> <span class='ocrx_word' id='word_1_61' title='bbox 701 1230 787 1283; x_wconf 87' lang='lat' dir='ltr'>aqua;</span> <span class='ocrx_word' id='word_1_62' title='bbox 806 1214 852 1266; x_wconf 80' lang='lat' dir='ltr'>vix</span> <span class='ocrx_word' id='word_1_63' title='bbox 871 1213 973 1266; x_wconf 90' lang='lat' dir='ltr'>lumine</span> <span class='ocrx_word' id='word_1_64' title='bbox 991 1214 1091 1281; x_wconf 80' lang='lat' dir='ltr'>quarte</span> 
     </span>
    </p>

    <p class='ocr_par' dir='ltr' id='par_1_11' title="bbox 381 1287 1061 1361">
     <span class='ocr_line' id='line_1_11' title="bbox 381 1287 1061 1361; baseline -0.003 -18"><span class='ocrx_word' id='word_1_65' title='bbox 381 1290 514 1361; x_wconf 84' lang='lat' dir='ltr'>Prospexi</span> <span class='ocrx_word' id='word_1_66' title='bbox 533 1292 642 1345; x_wconf 87' lang='lat' dir='ltr'>ltaliam</span> <span class='ocrx_word' id='word_1_67' title='bbox 661 1307 767 1344; x_wconf 90' lang='lat' dir='ltr'>summa</span> <span class='ocrx_word' id='word_1_68' title='bbox 785 1290 908 1343; x_wconf 88' lang='lat' dir='ltr'>sublimis</span> <span class='ocrx_word' id='word_1_69' title='bbox 925 1289 961 1342; x_wconf 88' lang='lat' dir='ltr'>ab</span> <span class='ocrx_word' id='word_1_70' title='bbox 979 1287 1061 1341; x_wconf 87' lang='lat' dir='ltr'>unda.</span> 
     </span>
    </p>

    <p class='ocr_par' dir='ltr' id='par_1_12' title="bbox 381 1363 1108 1433">
     <span class='ocr_line' id='line_1_12' title="bbox 381 1363 1108 1433; baseline -0.006 -12"><span class='ocrx_word' id='word_1_71' title='bbox 381 1366 518 1421; x_wconf 76' lang='lat' dir='ltr'>Paulatim</span> <span class='ocrx_word' id='word_1_72' title='bbox 535 1367 670 1421; x_wconf 88' lang='lat' dir='ltr'>adnabam</span> <span class='ocrx_word' id='word_1_73' title='bbox 689 1370 796 1431; x_wconf 90' lang='lat' dir='ltr'>terrae;</span> <span class='ocrx_word' id='word_1_74' title='bbox 818 1366 873 1418; x_wconf 88' lang='lat' dir='ltr'>iarn</span> <span class='ocrx_word' id='word_1_75' title='bbox 891 1368 953 1419; x_wconf 87' lang='lat' dir='ltr'>tnta</span> <span class='ocrx_word' id='word_1_76' title='bbox 970 1363 1108 1433; x_wconf 82' lang='lat' dir='ltr'>tenebam,</span> 
     </span>
    </p>

    <p class='ocr_par' dir='ltr' id='par_1_13' title="bbox 381 1442 1107 1511">
     <span class='ocr_line' id='line_1_13' title="bbox 381 1442 1107 1511; baseline -0.004 -16"><span class='ocrx_word' id='word_1_77' title='bbox 381 1442 419 1495; x_wconf 89' lang='lat' dir='ltr'>Ni</span> <span class='ocrx_word' id='word_1_78' title='bbox 430 1460 503 1511; x_wconf 23' lang='lat' dir='ltr'>,gens</span> <span class='ocrx_word' id='word_1_79' title='bbox 521 1444 638 1498; x_wconf 86' lang='lat' dir='ltr'>erudelis</span> <span class='ocrx_word' id='word_1_80' title='bbox 656 1442 767 1496; x_wconf 82' lang='lat' dir='ltr'>madida</span> <span class='ocrx_word' id='word_1_81' title='bbox 785 1459 847 1495; x_wconf 86' lang='lat' dir='ltr'>curn</span> <span class='ocrx_word' id='word_1_82' title='bbox 865 1444 943 1495; x_wconf 85' lang='lat' dir='ltr'>veste</span> <span class='ocrx_word' id='word_1_83' title='bbox 961 1443 1107 1509; x_wconf 84' lang='lat' dir='ltr'>gravatum</span> 
     </span>
    </p>

    <p class='ocr_par' dir='ltr' id='par_1_14' title="bbox 382 1514 1239 1588">
     <span class='ocr_line' id='line_1_14' title="bbox 382 1514 1239 1588; baseline -0.001 -16"><span class='ocrx_word' id='word_1_84' title='bbox 382 1518 617 1588; x_wconf 89' lang='lat' dir='ltr'>Prensantemque</span> <span class='ocrx_word' id='word_1_85' title='bbox 629 1520 706 1573; x_wconf 80' lang='lat' dir='ltr'>uncis</span> <span class='ocrx_word' id='word_1_86' title='bbox 718 1518 844 1572; x_wconf 88' lang='lat' dir='ltr'>manibus</span> <span class='ocrx_word' id='word_1_87' title='bbox 858 1518 948 1585; x_wconf 85' lang='lat' dir='ltr'>capita</span> <span class='ocrx_word' id='word_1_88' title='bbox 961 1532 1059 1584; x_wconf 90' lang='lat' dir='ltr'>aspera</span> <span class='ocrx_word' id='word_1_89' title='bbox 1069 1514 1175 1570; x_wconf 86' lang='lat' dir='ltr'>montis</span> <span class='ocrx_word' id='word_1_90' title='bbox 1202 1528 1239 1571; x_wconf 78' lang='lat' dir='ltr'>aa)</span> 
     </span>
    </p>

    <p class='ocr_par' dir='ltr' id='par_1_15' title="bbox 381 1592 1105 1662">
     <span class='ocr_line' id='line_1_15' title="bbox 381 1592 1105 1662; baseline -0.004 -14"><span class='ocrx_word' id='word_1_91' title='bbox 381 1592 468 1648; x_wconf 82' lang='lat' dir='ltr'>Ferro</span> <span class='ocrx_word' id='word_1_92' title='bbox 484 1595 634 1660; x_wconf 86' lang='lat' dir='ltr'>invasisset,</span> <span class='ocrx_word' id='word_1_93' title='bbox 653 1594 840 1662; x_wconf 82' lang='lat' dir='ltr'>praedamque</span> <span class='ocrx_word' id='word_1_94' title='bbox 858 1594 954 1661; x_wconf 82' lang='lat' dir='ltr'>ignara</span> <span class='ocrx_word' id='word_1_95' title='bbox 970 1595 1105 1661; x_wconf 87' lang='lat' dir='ltr'>putasset.</span> 
     </span>
    </p>

    <p class='ocr_par' dir='ltr' id='par_1_16' title="bbox 381 1668 1187 1739">
     <span class='ocr_line' id='line_1_16' title="bbox 381 1668 1187 1739; baseline 0.002 -16"><span class='ocrx_word' id='word_1_96' title='bbox 381 1669 408 1723; x_wconf 88' lang='lat' dir='ltr'><strong>N</strong></span> <span class='ocrx_word' id='word_1_97' title='bbox 410 1687 462 1725; x_wconf 85' lang='lat' dir='ltr'>une</span> <span class='ocrx_word' id='word_1_98' title='bbox 479 1687 523 1725; x_wconf 92' lang='lat' dir='ltr'>me</span> <span class='ocrx_word' id='word_1_99' title='bbox 541 1671 640 1725; x_wconf 86' lang='lat' dir='ltr'>fluetus</span> <span class='ocrx_word' id='word_1_100' title='bbox 657 1670 749 1738; x_wconf 87' lang='lat' dir='ltr'>habet,</span> <span class='ocrx_word' id='word_1_101' title='bbox 770 1675 937 1739; x_wconf 81' lang='lat' dir='ltr'>versantque</span> <span class='ocrx_word' id='word_1_102' title='bbox 955 1670 984 1723; x_wconf 88' lang='lat' dir='ltr'>in</span> <span class='ocrx_word' id='word_1_103' title='bbox 1001 1668 1084 1722; x_wconf 87' lang='lat' dir='ltr'>litore</span> <span class='ocrx_word' id='word_1_104' title='bbox 1100 1671 1187 1725; x_wconf 82' lang='lat' dir='ltr'>venti.</span> 
     </span>
    </p>

    <p class='ocr_par' dir='ltr' id='par_1_17' title="bbox 382 1745 1092 1817">
     <span class='ocr_line' id='line_1_17' title="bbox 382 1745 1092 1817; baseline -0.003 -17"><span class='ocrx_word' id='word_1_105' title='bbox 382 1745 463 1810; x_wconf 83' lang='lat' dir='ltr'>Quod</span> <span class='ocrx_word' id='word_1_106' title='bbox 480 1751 509 1802; x_wconf 92' lang='lat' dir='ltr'>te</span> <span class='ocrx_word' id='word_1_107' title='bbox 526 1765 577 1817; x_wconf 90' lang='lat' dir='ltr'>per</span> <span class='ocrx_word' id='word_1_108' title='bbox 595 1748 662 1802; x_wconf 87' lang='lat' dir='ltr'>caeli</span> <span class='ocrx_word' id='word_1_109' title='bbox 680 1747 829 1801; x_wconf 84' lang='lat' dir='ltr'>iucundum</span> <span class='ocrx_word' id='word_1_110' title='bbox 848 1747 940 1800; x_wconf 90' lang='lat' dir='ltr'>lumen</span> <span class='ocrx_word' id='word_1_111' title='bbox 957 1749 987 1801; x_wconf 91' lang='lat' dir='ltr'>et</span> <span class='ocrx_word' id='word_1_112' title='bbox 1003 1762 1092 1812; x_wconf 81' lang='lat' dir='ltr'>auras,</span> 
     </span>
    </p>

    <p class='ocr_par' dir='ltr' id='par_1_18' title="bbox 381 1820 1066 1893">
     <span class='ocr_line' id='line_1_18' title="bbox 381 1820 1066 1893; baseline 0 -19"><span class='ocrx_word' id='word_1_113' title='bbox 381 1821 437 1875; x_wconf 87' lang='lat' dir='ltr'>Per</span> <span class='ocrx_word' id='word_1_114' title='bbox 454 1823 606 1891; x_wconf 84' lang='lat' dir='ltr'>genitorem</span> <span class='ocrx_word' id='word_1_115' title='bbox 624 1840 679 1890; x_wconf 89' lang='lat' dir='ltr'>oro,</span> <span class='ocrx_word' id='word_1_116' title='bbox 697 1840 748 1893; x_wconf 87' lang='lat' dir='ltr'>per</span> <span class='ocrx_word' id='word_1_117' title='bbox 765 1840 828 1891; x_wconf 87' lang='lat' dir='ltr'>spes</span> <span class='ocrx_word' id='word_1_118' title='bbox 848 1823 985 1890; x_wconf 87' lang='lat' dir='ltr'>surgentis</span> <span class='ocrx_word' id='word_1_119' title='bbox 1004 1820 1066 1887; x_wconf 88' lang='lat' dir='ltr'>Iuli,</span> 
     </span>
    </p>

    <p class='ocr_par' dir='ltr' id='par_1_19' title="bbox 381 1896 1242 1967">
     <span class='ocr_line' id='line_1_19' title="bbox 381 1896 1242 1967; baseline 0.002 -18"><span class='ocrx_word' id='word_1_120' title='bbox 381 1896 465 1965; x_wconf 82' lang='lat' dir='ltr'>Eripe</span> <span class='ocrx_word' id='word_1_121' title='bbox 483 1916 528 1953; x_wconf 89' lang='lat' dir='ltr'>me</span> <span class='ocrx_word' id='word_1_122' title='bbox 545 1900 594 1966; x_wconf 90' lang='lat' dir='ltr'>his,</span> <span class='ocrx_word' id='word_1_123' title='bbox 613 1900 720 1967; x_wconf 85' lang='lat' dir='ltr'>invicte,</span> <span class='ocrx_word' id='word_1_124' title='bbox 739 1898 831 1953; x_wconf 88' lang='lat' dir='ltr'>malis:</span> <span class='ocrx_word' id='word_1_125' title='bbox 852 1901 901 1951; x_wconf 92' lang='lat' dir='ltr'>aut</span> <span class='ocrx_word' id='word_1_126' title='bbox 918 1902 950 1951; x_wconf 92' lang='lat' dir='ltr'>tu</span> <span class='ocrx_word' id='word_1_127' title='bbox 967 1896 1034 1950; x_wconf 90' lang='lat' dir='ltr'>mihi</span> <span class='ocrx_word' id='word_1_128' title='bbox 1052 1899 1158 1951; x_wconf 83' lang='lat' dir='ltr'>terram</span> <span class='ocrx_word' id='word_1_129' title='bbox 1206 1910 1242 1951; x_wconf 74' lang='lat' dir='ltr'>aa</span> 
     </span>
    </p>

    <p class='ocr_par' dir='ltr' id='par_1_20' title="bbox 382 1971 1162 2043">
     <span class='ocr_line' id='line_1_20' title="bbox 382 1971 1162 2043; baseline -0.001 -18"><span class='ocrx_word' id='word_1_130' title='bbox 382 1972 475 2041; x_wconf 83' lang='lat' dir='ltr'>Iniiee,</span> <span class='ocrx_word' id='word_1_131' title='bbox 492 1990 610 2043; x_wconf 88' lang='lat' dir='ltr'>namque</span> <span class='ocrx_word' id='word_1_132' title='bbox 627 1978 714 2043; x_wconf 86' lang='lat' dir='ltr'>potes,</span> <span class='ocrx_word' id='word_1_133' title='bbox 733 1978 884 2043; x_wconf 87' lang='lat' dir='ltr'>portusque</span> <span class='ocrx_word' id='word_1_134' title='bbox 904 1974 1014 2043; x_wconf 88' lang='lat' dir='ltr'>require</span> <span class='ocrx_word' id='word_1_135' title='bbox 1031 1971 1162 2037; x_wconf 82' lang='lat' dir='ltr'>Velin0s3</span> 
     </span>
    </p>

    <p class='ocr_par' dir='ltr' id='par_1_21' title="bbox 382 2047 1190 2118">
     <span class='ocr_line' id='line_1_21' title="bbox 382 2047 1190 2118; baseline 0 -17"><span class='ocrx_word' id='word_1_136' title='bbox 382 2049 443 2101; x_wconf 91' lang='lat' dir='ltr'>Aut</span> <span class='ocrx_word' id='word_1_137' title='bbox 460 2051 499 2115; x_wconf 87' lang='lat' dir='ltr'>tu,</span> <span class='ocrx_word' id='word_1_138' title='bbox 517 2049 541 2101; x_wconf 93' lang='lat' dir='ltr'>si</span> <span class='ocrx_word' id='word_1_139' title='bbox 559 2067 613 2118; x_wconf 87' lang='lat' dir='ltr'>qua</span> <span class='ocrx_word' id='word_1_140' title='bbox 630 2051 674 2104; x_wconf 86' lang='lat' dir='ltr'>via</span> <span class='ocrx_word' id='word_1_141' title='bbox 692 2053 741 2117; x_wconf 89' lang='lat' dir='ltr'>est,</span> <span class='ocrx_word' id='word_1_142' title='bbox 762 2049 785 2101; x_wconf 91' lang='lat' dir='ltr'>si</span> <span class='ocrx_word' id='word_1_143' title='bbox 804 2067 886 2117; x_wconf 90' lang='lat' dir='ltr'>quam</span> <span class='ocrx_word' id='word_1_144' title='bbox 903 2049 956 2104; x_wconf 89' lang='lat' dir='ltr'>tibi</span> <span class='ocrx_word' id='word_1_145' title='bbox 974 2049 1038 2103; x_wconf 80' lang='lat' dir='ltr'>dim</span> <span class='ocrx_word' id='word_1_146' title='bbox 1055 2047 1190 2101; x_wconf 81' lang='lat' dir='ltr'>creatrix·</span> 
     </span>
    </p>

    <p class='ocr_par' dir='ltr' id='par_1_22' title="bbox 382 2122 1159 2193">
     <span class='ocr_line' id='line_1_22' title="bbox 382 2122 1159 2193; baseline 0 -17"><span class='ocrx_word' id='word_1_147' title='bbox 382 2122 637 2193; x_wconf 88' lang='lat' dir='ltr'>Ostendit-neque</span> <span class='ocrx_word' id='word_1_148' title='bbox 655 2126 733 2190; x_wconf 86' lang='lat' dir='ltr'>enim,</span> <span class='ocrx_word' id='word_1_149' title='bbox 752 2126 842 2193; x_wconf 86' lang='lat' dir='ltr'>eredo,</span> <span class='ocrx_word' id='word_1_150' title='bbox 862 2127 920 2180; x_wconf 92' lang='lat' dir='ltr'>sine</span> <span class='ocrx_word' id='word_1_151' title='bbox 938 2126 1049 2179; x_wconf 89' lang='lat' dir='ltr'>numine</span> <span class='ocrx_word' id='word_1_152' title='bbox 1066 2123 1159 2177; x_wconf 87' lang='lat' dir='ltr'>divom</span> 
     </span>
    </p>

    <p class='ocr_par' dir='ltr' id='par_1_23' title="bbox 383 2198 1199 2270">
     <span class='ocr_line' id='line_1_23' title="bbox 383 2198 1199 2270; baseline 0 -19"><span class='ocrx_word' id='word_1_153' title='bbox 383 2198 508 2253; x_wconf 83' lang='lat' dir='ltr'>Flumina</span> <span class='ocrx_word' id='word_1_154' title='bbox 524 2203 603 2253; x_wconf 87' lang='lat' dir='ltr'>tanta</span> <span class='ocrx_word' id='word_1_155' title='bbox 620 2218 700 2270; x_wconf 91' lang='lat' dir='ltr'>paras</span> <span class='ocrx_word' id='word_1_156' title='bbox 720 2202 898 2270; x_wconf 74' lang='lat' dir='ltr'>Stygiamque</span> <span class='ocrx_word' id='word_1_157' title='bbox 916 2203 1012 2255; x_wconf 88' lang='lat' dir='ltr'>innare</span> <span class='ocrx_word' id='word_1_158' title='bbox 1028 2198 1199 2269; x_wconf 88' lang='lat' dir='ltr'>paludem—</span> 
     </span>
    </p>

    <p class='ocr_par' dir='ltr' id='par_1_24' title="bbox 382 2275 1243 2347">
     <span class='ocr_line' id='line_1_24' title="bbox 382 2275 1243 2347; baseline 0 -19"><span class='ocrx_word' id='word_1_159' title='bbox 382 2275 426 2329; x_wconf 87' lang='lat' dir='ltr'>Da</span> <span class='ocrx_word' id='word_1_160' title='bbox 441 2275 567 2330; x_wconf 86' lang='lat' dir='ltr'>dextram</span> <span class='ocrx_word' id='word_1_161' title='bbox 583 2277 691 2345; x_wconf 87' lang='lat' dir='ltr'>misero,</span> <span class='ocrx_word' id='word_1_162' title='bbox 707 2280 736 2331; x_wconf 88' lang='lat' dir='ltr'>et</span> <span class='ocrx_word' id='word_1_163' title='bbox 752 2281 845 2331; x_wconf 86' lang='lat' dir='ltr'>tecum</span> <span class='ocrx_word' id='word_1_164' title='bbox 860 2295 905 2331; x_wconf 90' lang='lat' dir='ltr'>me</span> <span class='ocrx_word' id='word_1_165' title='bbox 922 2278 988 2332; x_wconf 85' lang='lat' dir='ltr'>tolle</span> <span class='ocrx_word' id='word_1_166' title='bbox 1001 2293 1053 2347; x_wconf 86' lang='lat' dir='ltr'>per</span> <span class='ocrx_word' id='word_1_167' title='bbox 1065 2276 1163 2343; x_wconf 81' lang='lat' dir='ltr'>undas,</span> <span class='ocrx_word' id='word_1_168' title='bbox 1205 2288 1243 2329; x_wconf 70' lang='lat' dir='ltr'>aaa</span> 
     </span>
    </p>

    <p class='ocr_par' dir='ltr' id='par_1_25' title="bbox 381 2352 1121 2423">
     <span class='ocr_line' id='line_1_25' title="bbox 381 2352 1121 2423; baseline 0 -18"><span class='ocrx_word' id='word_1_169' title='bbox 381 2352 499 2406; x_wconf 81' lang='lat' dir='ltr'>Sedibus</span> <span class='ocrx_word' id='word_1_170' title='bbox 516 2356 548 2407; x_wconf 92' lang='lat' dir='ltr'>ut</span> <span class='ocrx_word' id='word_1_171' title='bbox 567 2353 664 2407; x_wconf 88' lang='lat' dir='ltr'>saltem</span> <span class='ocrx_word' id='word_1_172' title='bbox 683 2352 799 2423; x_wconf 73' lang='lat' dir='ltr'>placidis</span> <span class='ocrx_word' id='word_1_173' title='bbox 818 2354 847 2406; x_wconf 94' lang='lat' dir='ltr'>in</span> <span class='ocrx_word' id='word_1_174' title='bbox 865 2358 955 2408; x_wconf 89' lang='lat' dir='ltr'>morte</span> <span class='ocrx_word' id='word_1_175' title='bbox 973 2354 1121 2423; x_wconf 79' lang='lat' dir='ltr'>quiessem.</span> 
     </span>
    </p>

    <p class='ocr_par' dir='ltr' id='par_1_26' title="bbox 382 2427 1016 2499">
     <span class='ocr_line' id='line_1_26' title="bbox 382 2427 1016 2499; baseline 0.005 -19"><span class='ocrx_word' id='word_1_176' title='bbox 382 2427 457 2482; x_wconf 82' lang='lat' dir='ltr'>Talia</span> <span class='ocrx_word' id='word_1_177' title='bbox 473 2429 547 2483; x_wconf 87' lang='lat' dir='ltr'>fatus</span> <span class='ocrx_word' id='word_1_178' title='bbox 566 2433 634 2499; x_wconf 88' lang='lat' dir='ltr'>erat,</span> <span class='ocrx_word' id='word_1_179' title='bbox 652 2430 742 2499; x_wconf 86' lang='lat' dir='ltr'>eoepit</span> <span class='ocrx_word' id='word_1_180' title='bbox 761 2446 823 2483; x_wconf 87' lang='lat' dir='ltr'>eum</span> <span class='ocrx_word' id='word_1_181' title='bbox 843 2429 910 2483; x_wconf 89' lang='lat' dir='ltr'>talia</span> <span class='ocrx_word' id='word_1_182' title='bbox 926 2434 1016 2484; x_wconf 84' lang='lat' dir='ltr'>vates:</span> 
     </span>
    </p>

    <p class='ocr_par' dir='ltr' id='par_1_27' title="bbox 382 2504 1101 2574">
     <span class='ocr_line' id='line_1_27' title="bbox 382 2504 1101 2574; baseline 0 -17"><span class='ocrx_word' id='word_1_183' title='bbox 382 2504 464 2558; x_wconf 91' lang='lat' dir='ltr'>Unde</span> <span class='ocrx_word' id='word_1_184' title='bbox 481 2506 555 2572; x_wconf 85' lang='lat' dir='ltr'>haee,</span> <span class='ocrx_word' id='word_1_185' title='bbox 574 2524 590 2559; x_wconf 94' lang='lat'>0</span> <span class='ocrx_word' id='word_1_186' title='bbox 609 2506 745 2574; x_wconf 87' lang='lat' dir='ltr'>Palinure,</span> <span class='ocrx_word' id='word_1_187' title='bbox 764 2505 815 2559; x_wconf 89' lang='lat' dir='ltr'>tibi</span> <span class='ocrx_word' id='word_1_188' title='bbox 832 2509 889 2560; x_wconf 90' lang='lat' dir='ltr'>tam</span> <span class='ocrx_word' id='word_1_189' title='bbox 907 2505 968 2559; x_wconf 90' lang='lat' dir='ltr'>dira</span> <span class='ocrx_word' id='word_1_190' title='bbox 984 2504 1101 2573; x_wconf 83' lang='lat' dir='ltr'>eupidel</span> 
     </span>
    </p>

    <p class='ocr_par' dir='ltr' id='par_1_28' title="bbox 382 2580 1159 2649">
     <span class='ocr_line' id='line_1_28' title="bbox 382 2580 1159 2649; baseline -0.003 -16"><span class='ocrx_word' id='word_1_191' title='bbox 382 2580 424 2633; x_wconf 78' lang='lat' dir='ltr'>&#39;lu</span> <span class='ocrx_word' id='word_1_192' title='bbox 442 2581 550 2649; x_wconf 84' lang='lat' dir='ltr'>Stygias</span> <span class='ocrx_word' id='word_1_193' title='bbox 568 2582 724 2635; x_wconf 90' lang='lat' dir='ltr'>inhumatus</span> <span class='ocrx_word' id='word_1_194' title='bbox 743 2598 828 2649; x_wconf 84' lang='lat' dir='ltr'>aquas</span> <span class='ocrx_word' id='word_1_195' title='bbox 848 2597 1010 2649; x_wconf 89' lang='lat' dir='ltr'>amnemque</span> <span class='ocrx_word' id='word_1_196' title='bbox 1029 2593 1159 2634; x_wconf 86' lang='lat' dir='ltr'>severum</span> 
     </span>
    </p>

    <p class='ocr_par' dir='ltr' id='par_1_29' title="bbox 382 2654 1243 2725">
     <span class='ocr_line' id='line_1_29' title="bbox 382 2654 1243 2725; baseline 0 -17"><span class='ocrx_word' id='word_1_197' title='bbox 382 2655 564 2709; x_wconf 84' lang='lat' dir='ltr'>Eumenidum</span> <span class='ocrx_word' id='word_1_198' title='bbox 582 2658 702 2725; x_wconf 85' lang='lat' dir='ltr'>aspicies,</span> <span class='ocrx_word' id='word_1_199' title='bbox 720 2658 842 2725; x_wconf 80' lang='lat' dir='ltr'>ripamve</span> <span class='ocrx_word' id='word_1_200' title='bbox 860 2658 977 2711; x_wconf 92' lang='lat' dir='ltr'>iniussus</span> <span class='ocrx_word' id='word_1_201' title='bbox 994 2654 1098 2710; x_wconf 87' lang='lat' dir='ltr'>adibisl</span> <span class='ocrx_word' id='word_1_202' title='bbox 1205 2666 1243 2710; x_wconf 75' lang='lat'>³75</span> 
     </span>
    </p>

    <p class='ocr_par' dir='ltr' id='par_1_30' title="bbox 382 2731 1045 2801">
     <span class='ocr_line' id='line_1_30' title="bbox 382 2731 1045 2801; baseline 0.003 -17"><span class='ocrx_word' id='word_1_203' title='bbox 382 2731 485 2784; x_wconf 89' lang='lat' dir='ltr'>Desine</span> <span class='ocrx_word' id='word_1_204' title='bbox 502 2731 560 2784; x_wconf 86' lang='lat' dir='ltr'>fata</span> <span class='ocrx_word' id='word_1_205' title='bbox 579 2731 661 2785; x_wconf 88' lang='lat' dir='ltr'>deum</span> <span class='ocrx_word' id='word_1_206' title='bbox 680 2733 754 2786; x_wconf 82' lang='lat' dir='ltr'>flecti</span> <span class='ocrx_word' id='word_1_207' title='bbox 772 2749 883 2800; x_wconf 89' lang='lat' dir='ltr'>sperare</span> <span class='ocrx_word' id='word_1_208' title='bbox 900 2732 1045 2801; x_wconf 83' lang='lat' dir='ltr'>precanda.</span> 
     </span>
    </p>

    <p class='ocr_par' dir='ltr' id='par_1_31' title="bbox 383 2806 1045 2875">
     <span class='ocr_line' id='line_1_31' title="bbox 383 2806 1045 2875; baseline 0.003 -14"><span class='ocrx_word' id='word_1_209' title='bbox 383 2806 439 2861; x_wconf 85' lang='lat' dir='ltr'>Sed</span> <span class='ocrx_word' id='word_1_210' title='bbox 457 2823 523 2875; x_wconf 84' lang='lat' dir='ltr'>cape</span> <span class='ocrx_word' id='word_1_211' title='bbox 543 2807 617 2861; x_wconf 85' lang='lat' dir='ltr'>dicta</span> <span class='ocrx_word' id='word_1_212' title='bbox 634 2824 746 2874; x_wconf 88' lang='lat' dir='ltr'>memor,</span> <span class='ocrx_word' id='word_1_213' title='bbox 765 2809 828 2861; x_wconf 90' lang='lat' dir='ltr'>duri</span> <span class='ocrx_word' id='word_1_214' title='bbox 846 2809 942 2863; x_wconf 85' lang='lat' dir='ltr'>solatia</span> <span class='ocrx_word' id='word_1_215' title='bbox 959 2825 1045 2863; x_wconf 80' lang='lat' dir='ltr'>casus</span> 
     </span>
    </p>

    <p class='ocr_par' dir='ltr' id='par_1_32' title="bbox 384 2883 1054 2954">
     <span class='ocr_line' id='line_1_32' title="bbox 384 2883 1054 2954; baseline 0.006 -18"><span class='ocrx_word' id='word_1_216' title='bbox 384 2884 455 2937; x_wconf 86' lang='lat' dir='ltr'>Nam</span> <span class='ocrx_word' id='word_1_217' title='bbox 473 2886 523 2937; x_wconf 90' lang='lat' dir='ltr'>tua</span> <span class='ocrx_word' id='word_1_218' title='bbox 540 2883 657 2951; x_wconf 90' lang='lat' dir='ltr'>finitimi,</span> <span class='ocrx_word' id='word_1_219' title='bbox 675 2883 755 2953; x_wconf 83' lang='lat' dir='ltr'>longe</span> <span class='ocrx_word' id='word_1_220' title='bbox 773 2885 886 2954; x_wconf 85' lang='lat' dir='ltr'>lateque</span> <span class='ocrx_word' id='word_1_221' title='bbox 902 2903 953 2954; x_wconf 87' lang='lat' dir='ltr'>per</span> <span class='ocrx_word' id='word_1_222' title='bbox 970 2886 1054 2940; x_wconf 88' lang='lat' dir='ltr'>urbes</span> 
     </span>
    </p>

    <p class='ocr_par' dir='ltr' id='par_1_33' title="bbox 383 2959 1001 3030">
     <span class='ocr_line' id='line_1_33' title="bbox 383 2959 1001 3030; baseline 0.002 -17"><span class='ocrx_word' id='word_1_223' title='bbox 383 2959 519 3029; x_wconf 78' lang='lat' dir='ltr'>Prodigiis</span> <span class='ocrx_word' id='word_1_224' title='bbox 536 2960 591 3015; x_wconf 83' lang='lat' dir='ltr'>aeti</span> <span class='ocrx_word' id='word_1_225' title='bbox 609 2960 780 3027; x_wconf 83' lang='lat' dir='ltr'>caelestibus,</span> <span class='ocrx_word' id='word_1_226' title='bbox 800 2978 862 3015; x_wconf 87' lang='lat' dir='ltr'>essa</span> <span class='ocrx_word' id='word_1_227' title='bbox 878 2962 1001 3030; x_wconf 87' lang='lat' dir='ltr'>piabunt,</span> 
     </span>
    </p>

    <p class='ocr_par' dir='ltr' id='par_1_34' title="bbox 382 3034 1244 3110">
     <span class='ocr_line' id='line_1_34' title="bbox 382 3034 1244 3110; baseline 0.01 -21"><span class='ocrx_word' id='word_1_228' title='bbox 382 3034 420 3090; x_wconf 87' lang='lat' dir='ltr'>Et</span> <span class='ocrx_word' id='word_1_229' title='bbox 432 3040 555 3090; x_wconf 87' lang='lat' dir='ltr'>statuent</span> <span class='ocrx_word' id='word_1_230' title='bbox 567 3037 710 3105; x_wconf 87' lang='lat' dir='ltr'>tumulum,</span> <span class='ocrx_word' id='word_1_231' title='bbox 723 3041 753 3091; x_wconf 89' lang='lat' dir='ltr'>et</span> <span class='ocrx_word' id='word_1_232' title='bbox 765 3038 870 3091; x_wconf 87' lang='lat' dir='ltr'>tumulo</span> <span class='ocrx_word' id='word_1_233' title='bbox 885 3038 1026 3092; x_wconf 88' lang='lat' dir='ltr'>sollemnia</span> <span class='ocrx_word' id='word_1_234' title='bbox 1037 3039 1159 3110; x_wconf 88' lang='lat' dir='ltr'>mittent,</span> <span class='ocrx_word' id='word_1_235' title='bbox 1204 3058 1244 3098; x_wconf 83' lang='lat' dir='ltr'>aaa</span> 
     </span>
    </p>

    <p class='ocr_par' dir='ltr' id='par_1_35' title="bbox 384 3112 1083 3182">
     <span class='ocr_line' id='line_1_35' title="bbox 384 3112 1083 3182; baseline 0.007 -17"><span class='ocrx_word' id='word_1_236' title='bbox 384 3113 594 3182; x_wconf 87' lang='lat' dir='ltr'>Aeternumque</span> <span class='ocrx_word' id='word_1_237' title='bbox 611 3114 686 3168; x_wconf 85' lang='lat' dir='ltr'>loeus</span> <span class='ocrx_word' id='word_1_238' title='bbox 705 3114 827 3167; x_wconf 89' lang='lat' dir='ltr'>Palinuri</span> <span class='ocrx_word' id='word_1_239' title='bbox 845 3130 944 3169; x_wconf 86' lang='lat' dir='ltr'>numen</span> <span class='ocrx_word' id='word_1_240' title='bbox 962 3112 1083 3170; x_wconf 75' lang='lat' dir='ltr'>habebit.</span> 
     </span>
    </p>

    <p class='ocr_par' dir='ltr' id='par_1_36' title="bbox 384 3187 1100 3261">
     <span class='ocr_line' id='line_1_36' title="bbox 384 3187 1100 3261; baseline 0.008 -22"><span class='ocrx_word' id='word_1_241' title='bbox 384 3187 438 3241; x_wconf 87' lang='lat' dir='ltr'>His</span> <span class='ocrx_word' id='word_1_242' title='bbox 456 3188 536 3243; x_wconf 88' lang='lat' dir='ltr'>dietis</span> <span class='ocrx_word' id='word_1_243' title='bbox 554 3206 635 3245; x_wconf 88' lang='lat' dir='ltr'>curae</span> <span class='ocrx_word' id='word_1_244' title='bbox 654 3194 768 3257; x_wconf 89' lang='lat' dir='ltr'>emotae,</span> <span class='ocrx_word' id='word_1_245' title='bbox 786 3190 935 3260; x_wconf 89' lang='lat' dir='ltr'>pulsusque</span> <span class='ocrx_word' id='word_1_246' title='bbox 952 3208 1100 3261; x_wconf 87' lang='lat' dir='ltr'>parumper</span> 
     </span>
    </p>

    <p class='ocr_par' dir='ltr' id='par_1_37' title="bbox 384 3262 1077 3335">
     <span class='ocr_line' id='line_1_37' title="bbox 384 3262 1077 3335; baseline 0.01 -20"><span class='ocrx_word' id='word_1_247' title='bbox 384 3262 475 3317; x_wconf 77' lang='lat' dir='ltr'>(larda</span> <span class='ocrx_word' id='word_1_248' title='bbox 494 3264 570 3319; x_wconf 89' lang='lat' dir='ltr'>dolor</span> <span class='ocrx_word' id='word_1_249' title='bbox 587 3266 677 3332; x_wconf 83' lang='lat' dir='ltr'>tristi3</span> <span class='ocrx_word' id='word_1_250' title='bbox 698 3268 801 3335; x_wconf 83' lang='lat' dir='ltr'>gaudet</span> <span class='ocrx_word' id='word_1_251' title='bbox 819 3268 978 3335; x_wconf 80' lang='lat' dir='ltr'>cognomine</span> <span class='ocrx_word' id='word_1_252' title='bbox 995 3271 1077 3322; x_wconf 78' lang='lat' dir='ltr'>terra</span> 
     </span>
    </p>

    <p class='ocr_par' dir='ltr' id='par_1_38' title="bbox 418 3338 1241 3414">
     <span class='ocr_line' id='line_1_38' title="bbox 418 3338 1241 3414; baseline 0.013 -24"><span class='ocrx_word' id='word_1_253' title='bbox 418 3338 491 3406; x_wconf 79' lang='lat' dir='ltr'>Ergo</span> <span class='ocrx_word' id='word_1_254' title='bbox 507 3341 562 3393; x_wconf 88' lang='lat' dir='ltr'>iter</span> <span class='ocrx_word' id='word_1_255' title='bbox 578 3341 718 3411; x_wconf 85' lang='lat' dir='ltr'>inceptum</span> <span class='ocrx_word' id='word_1_256' title='bbox 736 3347 873 3412; x_wconf 85' lang='lat' dir='ltr'>peragunt</span> <span class='ocrx_word' id='word_1_257' title='bbox 891 3343 1029 3413; x_wconf 84' lang='lat' dir='ltr'>fluvioque</span> <span class='ocrx_word' id='word_1_258' title='bbox 1044 3344 1241 3414; x_wconf 85' lang='lat' dir='ltr'>pmpinquant.</span> 
     </span>
    </p>

    <p class='ocr_par' dir='ltr' id='par_1_39' title="bbox 347 3409 1246 3647">
     <span class='ocr_line' id='line_1_39' title="bbox 374 3409 1246 3491; baseline 0.008 -27"><span class='ocrx_word' id='word_1_259' title='bbox 374 3409 479 3469; x_wconf 69' lang='lat' dir='ltr'>Navita</span> <span class='ocrx_word' id='word_1_260' title='bbox 489 3432 558 3486; x_wconf 86' lang='lat' dir='ltr'>quos</span> <span class='ocrx_word' id='word_1_261' title='bbox 568 3416 623 3473; x_wconf 88' lang='lat' dir='ltr'>iam</span> <span class='ocrx_word' id='word_1_262' title='bbox 636 3418 703 3475; x_wconf 90' lang='lat' dir='ltr'>inde</span> <span class='ocrx_word' id='word_1_263' title='bbox 715 3424 749 3475; x_wconf 87' lang='lat' dir='ltr'>ut</span> <span class='ocrx_word' id='word_1_264' title='bbox 761 3419 860 3491; x_wconf 78' lang='lat' dir='ltr'>Stygia</span> <span class='ocrx_word' id='word_1_265' title='bbox 868 3420 1016 3489; x_wconf 67' lang='lat' dir='ltr'>prosperat</span> <span class='ocrx_word' id='word_1_266' title='bbox 1025 3419 1063 3469; x_wconf 70' lang='lat' dir='ltr'>ab</span> <span class='ocrx_word' id='word_1_267' title='bbox 1070 3420 1151 3470; x_wconf 72' lang='lat' dir='ltr'>unda</span> <span class='ocrx_word' id='word_1_268' title='bbox 1203 3435 1246 3471; x_wconf 62' lang='lat' dir='ltr'>aa</span> 
     </span>
     <span class='ocr_line' id='line_1_40' title="bbox 357 3483 1204 3569; baseline -0.009 -25"><span class='ocrx_word' id='word_1_269' title='bbox 357 3483 421 3543; x_wconf 83' lang='lat' dir='ltr'>Per</span> <span class='ocrx_word' id='word_1_270' title='bbox 435 3494 556 3550; x_wconf 75' lang='lat' dir='ltr'>taciturn</span> <span class='ocrx_word' id='word_1_271' title='bbox 577 3513 682 3555; x_wconf 90' lang='lat' dir='ltr'>nemus</span> <span class='ocrx_word' id='word_1_272' title='bbox 699 3500 746 3555; x_wconf 92' lang='lat' dir='ltr'>ire</span> <span class='ocrx_word' id='word_1_273' title='bbox 764 3497 930 3569; x_wconf 86' lang='lat' dir='ltr'>pedemque</span> <span class='ocrx_word' id='word_1_274' title='bbox 946 3494 1098 3545; x_wconf 75' lang='lat' dir='ltr'>aduertere</span> <span class='ocrx_word' id='word_1_275' title='bbox 1112 3490 1204 3553; x_wconf 68' lang='lat' dir='ltr'>ripas,</span> 
     </span>
     <span class='ocr_line' id='line_1_41' title="bbox 347 3556 1193 3647; baseline -0.008 -21"><span class='ocrx_word' id='word_1_276' title='bbox 347 3556 393 3618; x_wconf 66' lang='lat' dir='ltr'>S1⁹⁶·</span> <span class='ocrx_word' id='word_1_277' title='bbox 402 3570 494 3640; x_wconf 74' lang='lat' dir='ltr'>prior</span> <span class='ocrx_word' id='word_1_278' title='bbox 507 3572 696 3645; x_wconf 75' lang='lat' dir='ltr'>adgreditur</span> <span class='ocrx_word' id='word_1_279' title='bbox 715 3577 819 3647; x_wconf 82' lang='lat' dir='ltr'>dictis,</span> <span class='ocrx_word' id='word_1_280' title='bbox 838 3574 933 3643; x_wconf 83' lang='lat' dir='ltr'>atque</span> <span class='ocrx_word' id='word_1_281' title='bbox 947 3564 1082 3629; x_wconf 69' lang='lat' dir='ltr'>increpat</span> <span class='ocrx_word' id='word_1_282' title='bbox 1096 3558 1193 3609; x_wconf 56' lang='lat' dir='ltr'>blm·-</span> 
     </span>
    </p>
   </div>
   <div class='ocr_carea' id='block_1_3' title="bbox 0 0 1634 4159">
    <p class='ocr_par' dir='ltr' id='par_1_40' title="bbox 0 0 1634 4159">
     <span class='ocr_line' id='line_1_42' title="bbox 0 0 1634 4159; baseline 0 0"><span class='ocrx_word' id='word_1_283' title='bbox 0 0 1634 4159; x_wconf 95' lang='lat' dir='ltr'> </span> 
     </span>
    </p>
   </div>
  </div>
 </body>
</html>
