3242 4159
656 536 842 586 AENEIDOS
863 537 934 588 LIB.
954 537 992 587 X.
1134 537 1151 552 ‘
1202 540 1251 590 285

397 620 541 690 Defendit,
558 620 715 690 multosque
732 619 810 688 palus
829 619 985 686 Laurentia,
1003 620 1071 678 silva

397 698 501 750 Paetus
512 698 670 764 arundinea,
681 700 827 764 postquam
837 696 912 749 inter
922 696 994 749 retia
1005 700 1118 750 ventum
1130 700 1180 766 est,
1214 710 1252 752 710

397 771 538 840 Substitit,
556 772 752 839 infremuitque
769 770 846 823 ferox
864 773 894 823 et
911 769 1048 824 inhorruit
1065 787 1173 837 arm0s;

396 847 458 901 Nec
476 847 602 915 cuiquam
619 848 699 901 irasci
717 846 864 915 propiusve
881 846 1012 899 accedam
1030 846 1125 914 virtus,

396 922 454 977 Sed
471 923 567 977 iaculis
584 924 707 993 tutisque
725 922 819 991 procul
838 921 1001 975 clamoribus
1018 922 1138 977 instant:

397 999 484 1052 Haud
502 1000 590 1068 aliter,
609 1001 698 1054 iustae
716 998 816 1068 quibus
834 1001 877 1051 est
896 998 1051 1053 Mezentius
1067 1000 1132 1067 irae,

395 1073 461 1128 Non
478 1076 526 1129 ulli
544 1080 588 1129 est
606 1078 712 1130 animus
731 1075 826 1128 stricto
844 1090 1006 1128 concurrere
1023 1075 1109 1141 fcrr03
1214 1090 1251 1132 715

395 1151 549 1205 Missilibus
566 1153 647 1220 longe
665 1155 695 1206 et
712 1153 789 1204 vasto
807 1150 925 1203 clamore
943 1150 1095 1205 lacessunt:

395 1227 450 1281 Ille
468 1230 560 1281 autem
577 1228 721 1297 inpavidus
739 1224 826 1295 partis
844 1230 989 1279 cunctatur
1005 1228 1033 1279 iu
1052 1229 1149 1308 omnis,

394 1302 536 1357 Dentibus
553 1303 719 1371 infrendens,
739 1304 767 1355 et
785 1305 865 1369 tergo
886 1302 993 1354 decutit
1011 1301 1110 1357 hastas.

394 1378 521 1433 Venerat
538 1379 659 1449 antiquis
678 1377 790 1446 Corythi
809 1376 845 1429 de
863 1376 963 1430 finibus
982 1378 1083 1445 Acron,

394 1454 495 1508 Graius
506 1454 594 1523 homo,
607 1455 722 1509 infectos
734 1453 861 1521 linquens
873 1453 1005 1521 profugus
1016 1452 1192 1523 hymenaeos3
1212 1469 1251 1511 rau

395 1530 479 1583 Hunc
496 1530 543 1584 ubi
561 1532 721 1594 miscentem
739 1528 821 1597 longe
838 1528 930 1582 media
949 1529 1059 1596 agmina
1076 1529 1153 1598 vidit,

394 1605 568 1674 Purpureum
585 1607 682 1675 pennis
700 1608 729 1659 et
746 1608 844 1674 pactae
861 1604 983 1672 coniugis
1002 1609 1089 1659 ostro:

393 1681 526 1750 Inpastus
543 1682 652 1736 stabula
670 1682 726 1735 alta
742 1681 786 1734 leo
804 1696 855 1734 ceu
873 1696 955 1747 saepe
972 1696 1129 1749 peragrans,

393 1757 499 1812 Suadet
517 1758 590 1812 enim
607 1774 707 1812 vesana
724 1758 818 1822 fames,
837 1755 860 1808 si
878 1755 950 1809 forte
967 1757 1092 1824 fugacem

393 1833 546 1902 Conspexit
565 1850 698 1902 capream,
717 1835 766 1886 aut
785 1834 944 1899 surgentem
963 1831 992 1884 in
1012 1848 1113 1885 cornua
1130 1849 1248 1905 cervum,

393 1909 512 1976 Gaudet,
530 1908 609 1964 hians
626 1910 742 1976 inmane,
760 1923 905 1974 comasque
923 1908 1034 1975 arrexit,
1053 1912 1083 1961 et
1100 1908 1196 1962 haeret

392 1986 554 2040 Visceribus
572 2003 655 2056 super
672 1983 848 2050 incumbens3
865 1983 932 2037 lavit
950 1982 1067 2053 inproba
1084 1986 1176 2039 taeter

393 2061 452 2115 Cra
469 2078 565 2117 cruor:

394 2138 439 2192 Sic
457 2138 514 2192 ruit
530 2138 559 2192 in
578 2138 676 2192 densos
694 2137 783 2192 alacer
801 2136 955 2190 Mezentius
972 2136 1068 2192 hostis.

394 2213 534 2268 Sternitur
551 2214 645 2267 infelix
664 2215 765 2281 heron,
784 2217 814 2268 et
831 2212 950 2266 calcibus
968 2216 1057 2267 atram
1210 2227 1249 2270 rso

393 2289 496 2343 'Fundit
513 2289 626 2343 humum
645 2290 793 2358 exspirans,
813 2288 984 2356 infractaque
1002 2288 1059 2341 tela
1075 2291 1209 2344 cruentat.

394 2368 490 2433 Atque
507 2363 582 2419 idem
600 2366 749 2436 fugientem
767 2363 842 2417 haud
859 2366 902 2416 est
920 2363 1049 2431 dignatus
1067 2363 1177 2417 Oroden

393 2441 532 2509 Sternere,
549 2458 600 2495 nec
616 2442 817 2495 iacta'caecum
834 2440 901 2492 dare
918 2438 1030 2506 cuspide
1048 2439 1161 2505 volnus;

393 2512 499 2570 Obvius
516 2517 687 2585 adversoque
706 2516 934 2584 occurritseque
952 2514 1011 2566 viro
1028 2513 1070 2566 vir

393 2593 525 2662 Contulit,
543 2592 617 2646 haud
635 2593 708 2646 furto
727 2592 830 2657 melior,
848 2591 897 2644 sed
915 2589 1031 2643 fortibus
1049 2590 1140 2643 armis.
1210 2604 1247 2645 735

392 2669 462 2722 Tum
480 2684 563 2738 super
580 2668 718 2722 abiectum
736 2667 826 2737 posito
844 2667 916 2736 pede
934 2667 1014 2719 nixus
1033 2670 1062 2719 et
1078 2666 1172 2719 hasta:

393 2745 462 2798 Pars
479 2744 544 2799 belli
562 2745 637 2798 haud
654 2744 810 2811 temnenda,
830 2744 889 2811 viri,
907 2744 979 2797 iacet
997 2742 1069 2797 altus
1088 2741 1202 2796 Orodes.

393 2821 569 2876 Conclamant
586 2820 651 2874 socii
669 2821 771 2874 laetum
790 2836 895 2889 paeana
912 2819 1007 2873 secuti.

393 2897 446 2950 Illo
463 2900 556 2952 autem
574 2898 729 2965 exspirans:
747 2897 810 2950 Non
828 2913 880 2964 mc,
899 2897 1063 2964 quicumque
1080 2911 1117 2960 es,
1134 2893 1228 2962 inulto,

391 2972 498 3040 Victor,
516 2990 567 3028 nec
583 2972 694 3041 longum
713 2972 868 3036 laetabere3
886 2976 915 3025 te
934 2988 1043 3040 quoque
1059 2970 1118 3023 fata
1209 2984 1246 3024 rso

392 3049 574 3118 Prospectant
592 3049 675 3119 paria,
694 3052 778 3117 atque
796 3048 893 3103 eadem
911 3064 974 3099 mox
992 3062 1057 3099 arva
1074 3044 1188 3099 tenebis,

393 3124 442 3179 Ad
461 3142 543 3193 quem
561 3125 706 3179 subridens
724 3125 811 3178 mixta
830 3123 984 3176 Mezentius
1000 3122 1054 3175 ira:

391 3201 594 3255 Nuncmorerc.
614 3203 668 3255 Ast
677 3200 713 3253 dc
722 3217 767 3254 me
776 3201 868 3254 divom
874 3203 955 3268 pater
962 3197 1245 3265 atquehominumrex

393 3276 511 3331 Viderit.
542 3277 604 3331 Hoc
622 3277 716 3330 dicens
734 3276 831 3330 eduxit
849 3291 961 3344 corpore
979 3273 1073 3327 telum.

391 3352 448 3406 Olli
466 3353 536 3407 dura
552 3354 631 3423 quies
648 3353 739 3406 oculos
756 3356 786 3407 et
802 3354 908 3406 ferreus
925 3354 1026 3419 urguet
1208 3362 1245 3404 ⁷4⁵

389 3429 508 3482 Somnus
512 3450 522 3494 ;
538 3430 566 3482 in
584 3433 727 3484 aeternam
746 3429 916 3485 clauduntur
930 3428 1044 3497 lumina
1054 3427 1183 3477 nomem„

380 3502 517 3556 Caedicus
534 3506 711 3563 Alcathoum
730 3508 898 3579 obtruncat,
914 3507 1054 3563 Sacrator
1068 3498 1254 3564 Enbusshffis

365 3575 618 3654 Partheniumque
638 3586 728 3661 Rapo
745 3590 781 3646 ot
799 3587 992 3662 praedurum
1006 3576 1131 3639 utribus
1144 3570 1262 3622 &ms
