3242 4159
650 532 839 585 BUCOLICA.
868 535 944 584 ECL.
962 534 1016 584 ῙΙΙ.
1247 542 1262 584 5

402 612 429 666 Ν
432 630 471 682 ec,
490 612 514 667 si
532 614 691 685 muneribus
709 618 805 684 certes,
824 616 956 671 concedat
974 616 1066 670 Iollae.

405 690 477 756 Heu,
496 690 561 757 heu,¹
577 690 645 757 quid
662 691 735 743 volui
753 693 855 746 misero
872 692 954 746 mihi!
974 693 1087 746 floribus
1104 697 1228 746 austrum

405 765 535 819 Pcrditus
555 769 583 819 et
601 765 714 834 liquidis
732 767 823 821 inmisi
841 768 963 821 fontibus
981 785 1068 837 apros.

403 842 490 905 Quem
509 842 589 909 fugis,
608 842 651 909 ah,
670 842 802 897 demensi
821 844 981 896 habitarunt
1000 844 1029 896 di
1047 862 1156 913 quoquc
1174 846 1256 899 silves

403 917 615 987 Dardaniusque
635 918 719 972 Paris.
759 919 856 987 Pallas,
875 937 943 988 quas
962 920 1085 973 condidit
1103 937 1186 988 arces,
1239 938 1262 975 ei

403 994 470 1062 Ipsa
487 995 577 1072 colat3
596 994 675 1048 nobis
691 995 820 1062 placeant
838 1000 902 1048 ante
921 997 1010 1049 omnia
1028 997 1118 1050 silvae.

401 1070 493 1125 Torva
509 1072 604 1125 leaena
621 1070 716 1139 lupum
735 1074 877 1139 sequitur;
894 1073 974 1140 lupus
991 1073 1050 1141 ipsc
1067 1073 1216 1142 capellam;

401 1148 563 1201 Florentem
581 1147 696 1216 cytisum
716 1149 842 1215 sequitur
859 1148 959 1201 lasciva
977 1149 1095 1216 capella3

401 1224 441 1279 Te
455 1223 588 1293 Corydon,
602 1241 618 1276 o
632 1223 727 1277 Alexi:
741 1224 828 1277 trahit
838 1241 887 1278 sua
900 1242 1037 1293 quemque
1049 1226 1185 1293 voluptas.
1237 1240 1262 1279 us

401 1300 514 1369 Aspice,
532 1304 625 1354 aratra
641 1300 706 1367 iugo
724 1301 850 1354 referunt
868 1317 998 1369 suspensa
1016 1301 1129 1368 iuvenci,

401 1377 439 1430 Et
459 1376 498 1430 sol
518 1375 665 1430 crescentis
684 1376 820 1429 decedens
839 1376 960 1445 duplicat
978 1377 1106 1431 umbras:

401 1454 449 1507 Me
468 1458 562 1507 tamen
578 1453 635 1506 urit
653 1470 729 1507 amor
739 1476 745 1519 ;
764 1454 825 1521 quis
843 1454 915 1507 enim
933 1454 1030 1507 modus
1048 1454 1121 1508 adsit
1138 1455 1244 1509 amorii

401 1530 458 1595 Ah,
477 1529 612 1597 Corydon,
633 1529 765 1597 Corydon,
785 1548 855 1599 quae
874 1534 902 1584 te
921 1531 1061 1584 dementia
1078 1532 1167 1599 cepit!

401 1605 577 1674 Semiputata
595 1605 646 1659 tibi
665 1605 793 1660 frondosa
811 1608 876 1661 vitis
893 1608 921 1659 in
939 1607 1012 1659 ulmo
1031 1610 1080 1662 est.
1235 1620 1260 1660 ro

401 1681 474 1746 Quin
493 1684 526 1734 tu
544 1681 654 1749 aliquid·
667 1682 764 1734 saltem
782 1683 882 1750 potius,
900 1698 1015 1750 quorum
1033 1681 1141 1749 indiget
1158 1699 1230 1749 ustis,

402 1756 560 1811 Viminibus
577 1756 707 1825 mollique
725 1774 805 1825 paras
824 1758 955 1810 detexere
972 1757 1069 1812 iunool

401 1831 532 1887 Invenies
549 1832 641 1901 alium,
658 1832 681 1885 si
700 1834 729 1886 te
746 1832 791 1886 hic
808 1832 923 1901 fastidit,
942 1832 1061 1887 Alexim.

687 2042 877 2103 ECLOGA
906 2045 968 2103 ΙΙΙ.

725 2160 938 2212 PALAEMON.

570 2282 725 2323 MENALCAS·
750 2282 906 2321 DAMODTAS.
929 2283 1089 2322 PALAEMON.

397 2376 443 2431 M.
462 2376 516 2431 Dm
533 2377 608 2445 mihi,
627 2377 768 2446 Damoeta,
786 2379 877 2432 cuium
895 2379 996 2446 pocusl
1014 2395 1049 2429 an
1067 2378 1216 2432 Meliboei?

395 2452 434 2505 D.
455 2452 480 2505 N
483 2469 526 2522 on,
544 2469 639 2506 verum
658 2454 799 2521 Aegonis;
817 2470 904 2520 nuper
922 2452 988 2503 mihi
1006 2452 1123 2505 tradidit
1142 2456 1248 2521 Aegon.

392 2527 437 2581 M.
458 2528 559 2582 Infelix
577 2545 593 2581 ο
611 2546 727 2598 semper,
745 2530 809 2595 ovis,
829 2526 927 2597 pecus!
946 2527 1005 2595 ipse
1023 2526 1158 2581 Neaeram

393 2602 468 2656 Dum
487 2604 569 2670 foret,
588 2622 626 2673 ac,
645 2621 680 2658 ne
697 2622 741 2658 me
760 2604 812 2659 sibi
830 2605 968 2672 praeferat
986 2603 1039 2672 illa,
1056 2608 1175 2672 veretur,

393 2677 450 2733 Hic
468 2679 573 2734 alienus
592 2681 649 2734 ovis
667 2685 758 2735 custos
776 2682 820 2734 bis
837 2680 943 2748 mulget
960 2680 990 2732 in
1007 2681 1081 2750 hora,
1244 2693 1257 2731 s

393 2754 430 2809 llt
441 2773 530 2810 sucus
547 2758 639 2825 pecori
659 2761 689 2812 et
706 2757 748 2810 lac
767 2757 930 2811 subducitur
947 2758 1031 2825 agnis

391 2833 429 2887 D.
450 2831 563 2887 Parcius
581 2833 635 2887 ista
651 2833 717 2886 viris
735 2837 828 2887 tamen
848 2832 1000 2885 obiicienda
1017 2836 1162 2887 memento.

393 2909 534 2977 Novimus,
552 2913 582 2963 et
600 2910 647 2979 qui
666 2913 703 2977 to,
723 2913 878 2964 transversa
899 2909 1041 2962 tuentibus
1059 2908 1148 2974 hircis,

393 2985 430 3039 llt
448 2985 589 3054 quo-sed
605 2986 698 3039 faciles
718 2985 861 3055 Nymphae
881 2985 1109 3041 risere-sacello.

394 3061 433 3116 Μ.
455 3062 532 3130 Tum,
550 3062 640 3128 credo,
659 3080 720 3116 cum
738 3079 782 3115 mc
801 3063 944 3116 arbustum
962 3065 1056 3117 videre
1073 3058 1189 3111 Miconis
1231 3074 1255 3110 ro

393 3138 490 3207 Atque
508 3139 581 3191 mala
597 3139 662 3192 vitis
680 3138 801 3192 incidere
820 3139 891 3192 falce
909 3141 1035 3193 novellas.

393 3214 429 3269 D.
451 3218 510 3269 Aut
527 3214 572 3267 hic
590 3216 626 3268 ad
643 3215 745 3268 veteris
765 3216 842 3283 fagos
859 3233 920 3270 cum
939 3211 1093 3284 Daphnidis
1110 3226 1204 3263 arcum

393 3291 514 3359 fregisti
532 3294 562 3345 et
579 3293 712 3348 calamos:
733 3310 806 3363 quae
824 3297 865 3365 tu,
882 3309 1019 3366 perverse
1034 3286 1180 3353 Menalca,

384 3359 427 3431 a,
444 3383 505 3453 cum
525 3368 620 3422 ridisti
637 3387 729 3439 puero
749 3372 869 3446 donata,
889 3373 1023 3441 dolebas,

372 3438 417 3500 Et.
434 3456 460 3491 ⁸1
478 3457 533 3494 nou
553 3444 650 3515 aliqua
667 3451 821 3510 nocuisses
851 3457 994 3511 mortuus
1015 3464 1111 3506 esses.

360 3509 405 3561 M
420 3512 496 3576 Quid
514 3517 627 3577 domini
645 3524 772 3603 faciant,
795 3498 920 3603 addent
938 3549 1013 3589 cum
1030 3527 1115 3585 telis.
1129 3516 1239 3574 isreal.

355 3579 410 3638 Nm
427 3601 484 3655 630
502 3593 535 3646 CO
553 3596 618 3655 Vidi
636 3601 805 3688 Damonis,
825 3613 985 3688 pessime,
1004 3616 1148 3681 mptum

1205 3703 1289 3721 Α
