3242 4159
494 532 677 581 Aruernos
695 532 764 581 nra.
785 532 835 581 av.
932 515 936 526 ⁴
1039 536 1086 582 155

341 617 415 667 otum
432 617 511 667 tonat
529 630 576 666 ore
594 612 667 679 deos,
686 612 860 682 Erebumque
878 613 1022 683 Chaosque
1050 628 1087 668 eno

341 690 477 758 rinamque
496 690 629 756 Hecaten,
647 688 702 742 tria
719 688 833 757 virginis
851 706 899 742 ora
917 690 1032 745 Dianae.

341 769 377 819 at
393 770 423 819 et
441 765 538 819 latices
557 765 700 819 simulatos
718 765 802 818 fontis
822 765 934 832 Averni,

341 859 360 895 rs
378 845 406 896 et
424 858 529 894 messae
548 841 584 894 ad
603 840 708 894 Lunam
727 845 896 910 quaeruntur
913 842 989 896 aenis

341 935 371 971 es
389 918 490 971 herbae
507 917 579 985 nigri
597 933 659 970 cum
677 917 748 971 lacte
766 918 879 983 veneni;

341 1011 379 1047 zur
398 996 426 1046 et
443 994 580 1047 nascentis
599 993 664 1062 equi
683 992 718 1046 de
736 994 828 1047 fronte
847 994 970 1048 revolsus
1050 1010 1088 1051 διε

341 1070 368 1123 ‚ri
385 1072 549 1138 praereptus
568 1085 651 1122 amor.

343 1145 386 1199 ola
403 1145 583 1214 manibusque
600 1146 653 1212 piis
671 1145 770 1199 altaria
788 1145 874 1215 iuxta,

341 1226 424 1277 exuta
440 1221 540 1289 pedem
559 1221 660 1289 vinclis,
679 1222 709 1273 in
727 1225 804 1276 veste
822 1223 949 1291 recincta,

341 1315 360 1351 ,ι’
377 1298 510 1366 moritura
529 1298 594 1350 deos
613 1300 642 1351 ct
661 1298 765 1350 conseia
782 1298 832 1351 fati

341 1378 427 1443 ;tnm,
446 1375 468 1427 si
488 1374 561 1442 quod
579 1391 632 1427 non
651 1390 737 1443 aequo
755 1373 867 1428 foedere
885 1374 1002 1429 amantis
1049 1400 1084 1440 520

341 1468 437 1503 numen
455 1450 538 1503 habet
556 1450 713 1519 iustumque
730 1466 896 1520 memorque,
913 1453 1050 1519 precatur.

345 1531 412 1594 erat,
431 1530 460 1580 et
477 1526 613 1595 placidum
632 1526 781 1595 carpebant
797 1526 871 1581 fessa
889 1543 1015 1596 soporem

341 1621 350 1656 ι
367 1620 417 1673 per
434 1606 530 1669 terras,
551 1601 688 1671 silvaeque
707 1606 736 1655 et
755 1620 836 1657 saeva
854 1604 981 1672 quierant

341 1696 367 1746 a,
387 1695 448 1732 curn
467 1679 558 1731 medio
577 1678 722 1731 volvuntur
743 1678 835 1732 sidera
853 1679 937 1746 lapsu,

341 1758 387 1809 cet
398 1755 485 1808 omnis
497 1771 571 1821 ager,
584 1753 702 1822 pecudes
716 1754 861 1821 pictaeque
873 1753 1003 1821 volucres,
1047 1768 1085 1809 525

341 1848 361 1885 le
379 1831 452 1883 lacus
470 1831 526 1883 late
543 1830 668 1898 liquidos,
688 1846 813 1898 quaeque
832 1846 929 1898 aspera
947 1829 1038 1885 dumis

341 1910 426 1973 cnent,
445 1923 537 1959 somno
556 1906 661 1973 positae
680 1904 730 1958 sub
749 1908 830 1958 nocte
851 1905 942 1960 silenti

341 1986 378 2036 ant
397 1999 481 2048 curae,
501 1986 529 2035 et
548 1982 631 2034 corda
649 1980 733 2034 oblita
752 1980 894 2051 laborum}

341 2106 343 2112 .
360 2058 453 2112 infelix
470 2058 553 2110 animi
573 2058 726 2124 Phoenissa,
745 2074 795 2112 nee
815 2075 945 2127 nmquam

341 2135 395 2188 rin
413 2150 528 2200 somnos,
547 2134 664 2187 oculisve
683 2138 732 2188 aut
749 2137 861 2203 pectore
877 2139 987 2191 noctem
1047 2149 1086 2204 sao

349 2231 355 2265 x
373 2211 542 2278 ingeminant
560 2228 648 2278 curae,
666 2228 816 2279 rursusque
835 2228 980 2280 resurgens

341 2303 424 2353 amor,
443 2303 595 2355 magnoque
613 2288 715 2340 irarum
734 2287 849 2340 fluctuat
865 2292 950 2342 aesta.

341 2380 361 2415 eo
378 2363 489 2428 insistit,
508 2379 654 2430 secumque
671 2363 711 2415 ita
729 2362 811 2415 eorde
831 2362 950 2417 volutat:

341 2438 366 2491 id
383 2441 451 2506 agol
470 2455 599 2491 rursusne
617 2454 712 2506 procos
731 2438 814 2490 inrisa
832 2437 938 2506 priores

341 2531 371 2581 rr,
390 2514 599 2583 Nomadumque
617 2518 710 2582 petam
729 2512 862 2566 connubia
881 2513 1004 2582 supplex,
1045 2528 1084 2570 ⁵35

341 2606 374 2658 go
392 2591 442 2643 sim
461 2592 561 2643 totiens
579 2592 633 2643 iam
652 2588 800 2656 dedignata
819 2590 948 2644 maritosl

347 2667 430 2734 igitur
448 2667 540 2719 elassis
558 2671 641 2737 atique
659 2666 755 2718 ultima
773 2666 907 2719 Teucrum

341 2744 442 2812 equari
462 2743 560 2811 quiane
579 2743 678 2796 auxilio
696 2742 771 2795 iuvat
788 2745 853 2795 ante
869 2742 980 2812 levatos,

341 2835 356 2872 e
374 2818 447 2886 apud
466 2835 600 2871 memores
618 2818 721 2872 veteris
740 2821 796 2871 stat
813 2819 903 2885 gratia
920 2819 1002 2873 factil

341 2912 355 2949 e
368 2898 467 2961 antem,
479 2895 522 2947 fac
534 2895 611 2960 velle,
625 2895 704 2962 sinet,
717 2894 857 2947 ratibusve
871 2893 996 2963 superbis
1046 2908 1083 2948 olo

341 2989 352 3024 1
371 2971 499 3040 accipiet?
517 2972 605 3024 nescis
623 2972 684 3039 heu,
698 2970 819 3045 perdita,
837 2970 954 3024 necdum

341 3047 452 3101 lonteae
470 3048 554 3101 sentis
572 3049 693 3117 periuria
711 3048 819 3115 gentisl

341 3126 403 3177 uml
422 3124 478 3177 sola
495 3125 560 3192 fuga
577 3128 674 3178 nantas
693 3123 844 3176 comitabor
861 3122 985 3176 orantis?

341 3200 383 3252 riis
401 3202 529 3269 omnique
546 3217 627 3252 mann
646 3200 748 3266 stipata
764 3214 886 3252 meorum

341 3316 348 3343 ,
367 3279 402 3341 ct,
421 3293 489 3345 quos
508 3275 618 3330 Sidonia
634 3276 680 3330 vix
697 3273 765 3327 urbe
783 3273 885 3339 revelli,
1045 3285 1083 3327 est

356 3368 435 3419 agam
454 3353 556 3420 pelago,
576 3355 605 3405 et
623 3351 711 3405 ventis
729 3350 795 3403 dare
813 3349 874 3402 vela
890 3346 1006 3403 iubebol

341 3444 433 3493 terere,
455 3431 485 3481 ut
502 3428 603 3483 merita
621 3445 659 3497 es,
677 3426 809 3500 ferroque
826 3428 925 3481 auerte
941 3423 1080 3476 umorem.

341 3501 399 3553 bnis
416 3506 507 3558 evicta
526 3508 608 3578 meis,
625 3512 661 3563 tu
679 3508 775 3580 prima
790 3508 942 3563 iurantem
1014 3526 1017 3530 ·

341 3583 529 3641 mensuralis
549 3602 661 3644 oneras
683 3592 780 3661 atque
799 3583 911 3643 obticis
922 3573 1021 3635 nese.
