3242 4159
567 532 753 596 aunarnos
769 534 837 582 are.
858 535 907 583 rx.
1104 541 1151 586 roa

351 618 454 672 clamor
470 618 537 673 totis
556 635 607 688 per
623 619 827 688 propugnacula
845 623 945 685 muris3

345 694 459 748 tendunt
477 695 547 748 acris
564 712 650 762 arona,
667 699 833 764 amentaque
850 700 989 765 torquent.
1116 714 1153 753 aas

345 770 446 823 eruitur
463 786 542 824 omne
561 771 647 824 solum
667 772 743 837 telis;
765 775 826 825 tum
843 778 922 827 scuta
939 788 1076 842 cavaeque

345 848 380 899 nt
398 846 515 900 sonitum
534 846 610 899 flictu
627 847 736 915 galeas3
756 864 849 916 pugna
866 865 963 917 aspera
980 849 1082 917 surgit:

345 925 429 975 ,antus
447 920 482 974 ab
500 937 597 975 occasu
614 922 724 975 veniens
741 923 907 991 pluvialibus
925 923 1032 978 Haedis

345 996 443 1050 aberat
460 996 548 1050 imber
565 997 694 1064 humum;
718 1016 800 1067 quam
816 1000 904 1054 multa
916 998 1150 1067 grandine-nimbi

352 1072 421 1125 vada
432 1073 621 1141 praecipitant,
633 1090 695 1127 cum
709 1074 836 1143 Iuppiter
847 1074 976 1130 horridus
987 1074 1088 1129 austris
1116 1090 1152 1129 aro

345 1152 426 1216 rqust
438 1165 567 1217 aquosam
578 1149 696 1202 hiemem
714 1152 744 1203 ct
761 1149 835 1203 caelo
852 1166 919 1204 cava
932 1149 1027 1205 nubila
1039 1152 1152 1219 rumpit.

345 1225 482 1277 Pandarus
500 1227 530 1277 ct
548 1224 643 1292 Bitias,
663 1225 748 1278 Idaeo
766 1225 902 1280 Alcanore
919 1226 996 1295 creti,

345 1315 379 1353 ‚os
398 1299 471 1353 Iovis
489 1300 586 1354 eduxit
602 1300 662 1353 luco
680 1301 814 1355 silvestris
832 1300 921 1370 Iaera,

345 1376 455 1431 »ictibus
470 1377 581 1430 iuvenes
598 1376 695 1444 patriis
713 1379 743 1431 et
760 1376 898 1431 montibus
915 1393 1024 1447 aequos,

345 1454 424 1518 rtam,
443 1468 513 1519 quae
531 1451 608 1505 ducis
626 1451 731 1520 inperio
749 1452 900 1520 commissa,
918 1453 1070 1519 recludunt,
1115 1467 1151 1507 675

345 1528 381 1581 eti
399 1529 489 1596 armis,
508 1529 636 1596 ultroque
653 1528 772 1583 invitant
788 1528 931 1582 moenibus
948 1528 1064 1584 hostem.

345 1603 363 1656 si
380 1602 454 1657 intus
473 1604 571 1662 dextra
589 1620 620 1656 ac
637 1603 715 1657 laeva
731 1620 782 1672 pro
799 1602 923 1657 turribus
940 1604 1059 1673 adstant,

345 1681 414 1742 mati
431 1680 503 1733 ferro
522 1684 551 1734 et
568 1680 657 1734 cristis
676 1680 766 1749 capita
782 1680 839 1733 alta
856 1680 973 1736 corusci:

345 1756 404 1809 ,ales
424 1756 514 1816 aeriae
534 1756 667 1823 liquontia
685 1755 798 1808 flumina
818 1754 945 1823 circum,-

345 1848 366 1885 rc
386 1832 456 1884 Padi
475 1832 550 1899 ripis,
571 1831 699 1884 Athesim
719 1846 767 1883 seu
786 1833 899 1898 propter
916 1847 1068 1900 amoenum,
1114 1846 1151 1883 aar

345 1911 480 1975 usurgunt
496 1907 620 1975 geminae
638 1923 753 1974 quercus
769 1906 932 1975 intonsaque
948 1907 1022 1961 eaelo

345 1984 446 2037 tollunt
466 1984 556 2051 capita
575 1986 604 2036 et
623 1981 733 2035 sublimi
753 1982 856 2036 vertice
873 1985 980 2037 nutant

345 2063 477 2127 rumpunt,
498 2060 589 2112 aditus
609 2058 705 2112 Rutuli
724 2061 757 2113 ut
775 2057 870 2112 videre
888 2057 1017 2127 patentis.

345 2134 440 2188 ntinuo
460 2134 598 2198 Quercens
617 2137 646 2188 ct
664 2133 777 2201 pulcher
796 2133 947 2202 Aquicolus
965 2133 1048 2187 armis

360 2226 490 2278 praeceps
511 2209 594 2263 animi
613 2209 727 2262 Tmarus
745 2212 775 2263 et
796 2208 948 2263 Mavortius
967 2208 1092 2264 Haemon
1115 2224 1151 2261 asa

345 2285 468 2350 :minibus
487 2286 553 2339 totis
572 2288 621 2338 aut
638 2284 711 2340 versi
729 2287 809 2352 terga
828 2284 938 2352 dedere,

345 2364 365 2414 rt
383 2360 442 2429 ipso
459 2365 556 2430 portae
574 2377 690 2430 posuere
711 2360 740 2413 in
758 2359 852 2413 limine
870 2359 962 2413 vitam

345 2454 374 2489 m
389 2438 475 2505 magis
494 2438 649 2490 increscunt
667 2435 764 2490 animis
789 2434 959 2488 discordibus
976 2433 1048 2499 irae;

359 2512 414 2566 iam
433 2512 539 2566 collecti
558 2513 641 2566 Troes
659 2511 846 2579 glomerantur
866 2509 972 2575 eodem,

360 2589 486 2642 conferre
504 2605 613 2641 manum
632 2591 662 2640 et
680 2601 841 2655 procurrere
858 2585 964 2652 longius
981 2583 1092 2638 audent,
1115 2597 1152 2635 oa»

345 2664 452 2718 Ductori
474 2664 572 2731 Turno,
590 2663 698 2717 diversa
717 2662 746 2715 in
764 2660 965 2730 partedurenti

345 2740 491 2809 rbantique
510 2739 590 2806 viros,
609 2739 749 2808 perfertur
769 2736 1014 2805 nuntius,.hostem

345 2833 422 2870 rvere
438 2817 522 2870 caodc
541 2832 617 2882 nova,
638 2819 667 2869 et
685 2818 779 2884 portas
794 2812 929 2883 praebere
946 2813 1075 2883 patentis.

345 2892 415 2945 serit
433 2892 580 2960 inceptum,
599 2895 683 2959 atque
702 2889 804 2943 inmani
825 2889 947 2943 concitus
963 2889 1005 2943 ira

345 2968 471 3021 rdauiam
489 2967 545 3021 ruit
569 2967 605 3021 ad
631 2970 739 3036 portam
759 2966 916 3032 fratresque
935 2965 1074 3033 superbos.
1115 2978 1153 3017 sse

357 3045 476 3113 primum
497 3042 675 3112 Antiphaten,
694 3042 718 3095 is
738 3040 811 3094 enim
831 3056 860 3093 se
881 3038 986 3107 primus
1007 3038 1116 3108 agebat,

345 3119 432 3173 cbana
453 3119 489 3172 do
507 3122 595 3172 matre
613 3117 728 3171 nothum
748 3114 913 3185 Sarpedonis
931 3114 989 3181 alti,

345 3196 431 3249 uiecto
449 3194 549 3249 sternit
565 3194 667 3259 iacul03
690 3193 764 3246 volat
783 3191 856 3245 Itala
874 3204 972 3244 cornus

345 3288 378 3325 ra
395 3288 446 3340 per
463 3275 598 3338 tenorum,
615 3268 808 3338 stomachoque
826 3266 910 3320 infixa
928 3264 978 3319 sub
996 3264 1082 3319 altum

345 3352 405 3402 ctus
425 3348 499 3413 abit;
522 3346 617 3401 reddit
636 3361 732 3413 specus
750 3343 803 3398 atri
822 3342 939 3397 volneris
956 3341 1059 3395 undam
1108 3355 1152 3399 roo

345 3428 490 3490 amantem,
513 3426 542 3477 ct
560 3422 615 3476 fixo
632 3422 742 3476 ferrum
754 3420 786 3475 in
800 3418 936 3490 pulmone
949 3416 1087 3484 tepescit.
1163 3478 1171 3489 ι

345 3514 365 3550 n
388 3498 532 3568 Meropem
562 3503 652 3571 atque
672 3499 834 3569 Erymanta
859 3509 964 3559 mauu,
986 3494 1060 3544 lm
1083 3478 1186 3534 mm*

355 3574 544 3641 Aphidnum:
