3242 4159
381 522 431 574 144
617 520 648 572 P.
664 520 819 569 vanem
835 519 969 573 Manen
971 521 1005 570 IS

380 600 471 665 Quam
489 598 583 668 procul
601 598 739 654 incautam
757 615 870 654 nemora
886 600 961 654 inter
979 599 1074 655 erosis
1091 602 1156 659 exn
1220 617 1245 660 te

380 674 481 730 Pastor
498 692 581 743 agens
599 676 670 743 telis,
689 677 825 746 liquitque
842 676 952 731 volatile
968 676 1073 732 ferrum

380 751 511 816 Nescius;
526 752 573 806 illa
590 753 656 821 iuga
673 753 754 806 silvas
773 753 913 822 saltusque
930 756 1062 823 peragunt

380 828 523 894 Dictaeos
541 828 637 882 haeret
654 828 735 882 lateri
753 828 844 883 letalis
861 829 974 883 arundo.

380 904 462 958 Nunc
478 904 570 959 media
588 907 701 958 Aenean
719 921 811 959 secum
829 921 880 974 per
898 906 1005 960 moenia
1023 907 1108 977 ducit,

379 979 560 1049 Sidoniasque
577 983 698 1034 ostentat
716 997 782 1049 opes
799 965 951 1049 drbemque
967 986 1094 1049 paratam
1102 1005 1117 1058 ;v
1218 1000 1243 1044 κ

380 1054 482 1124 Incipit
499 1056 582 1125 effari,
600 1056 746 1125 mediaque
763 1057 792 1109 in
810 1074 875 1111 voce
893 1058 1012 1124 resistit;

380 1131 408 1186 N
410 1148 463 1185 unc
480 1133 576 1186 eadem
594 1132 703 1186 labente
722 1132 767 1186 die
785 1133 907 1186 convivia
925 1134 1040 1203 quaerit,

381 1207 534 1277 Iliacosque
552 1209 652 1263 iterum
671 1209 784 1263 demens
801 1208 899 1263 audire
916 1208 1024 1264 labores

380 1282 519 1353 Exposcit‚
537 1285 695 1354 pendetque
713 1286 814 1339 iterum
832 1285 967 1339 narrantis
984 1285 1020 1339 ab
1038 1303 1093 1341 ore.

381 1358 457 1429 Post,
474 1361 522 1415 ubi
541 1360 664 1430 digressi,
681 1361 829 1429 lumenque
847 1360 962 1415 obscma
979 1362 1098 1417 vicissim
1196 1380 1243 1437 xne

381 1433 461 1490 Luna
478 1438 579 1505 premit
596 1436 767 1505 suadentque
786 1437 911 1491 cadentia
927 1436 1019 1491 sidera
1037 1448 1156 1506 somnos,

381 1512 447 1567 Sola
464 1513 545 1565 domo
563 1507 672 1566 maeret=
687 1528 779 1581 vacua,
798 1512 949 1582 stratisque
966 1513 1070 1568 relictis

382 1588 507 1642 Incubet.
543 1588 626 1641 Illum
644 1587 743 1641 absens
761 1588 904 1642 absentem
922 1587 1055 1657 auditque
1072 1590 1215 1659 videtque,

382 1665 443 1718 Aut
459 1664 562 1732 gremio
581 1663 738 1732 Ascanium,
757 1664 889 1731 genitoris
906 1664 1025 1733 imagine
1043 1668 1132 1735 capta,

382 1738 505 1808 Detinet,
522 1739 665 1793 irdandum
682 1739 706 1793 si
724 1740 819 1793 fallere
837 1739 925 1808 possit
943 1756 1072 1817 amorem.
1217 1756 1242 1795 ss

382 1813 410 1869 N
412 1832 446 1869 on
463 1818 576 1885 coeptae
595 1816 748 1884 adsurgunt
766 1819 864 1882 turres,
882 1832 937 1869 non
955 1832 1032 1869 arma
1049 1816 1176 1871 iuventus

383 1890 511 1959 Exercet,
529 1895 663 1960 portusve
681 1894 730 1945 aut
747 1892 949 1961 propugnacula
966 1891 1038 1946 bello
1178 1894 1181 1901 '

383 1965 455 2020 Tuta
471 1971 583 2035 parant;
600 1967 724 2036 pendent
741 1984 824 2036 opera
842 1968 998 2036 interrupta
1014 1968 1163 2038 minaeque

383 2041 527 2096 Mnrorum
544 2043 668 2111 ingentes
686 2047 859 2113 aequataque
877 2043 1002 2097 maehina
1020 2045 1104 2099 eaelo.

420 2119 507 2183 Quem
526 2119 605 2171 simul
623 2136 654 2172 ae
671 2119 719 2173 tali
737 2120 874 2187 persensit
891 2123 970 2187 peste
987 2120 1077 2174 teneri
1217 2136 1244 2176 ee

385 2192 456 2248 Gara
473 2194 547 2247 Ievis
564 2195 689 2261 coniunx,
707 2210 758 2248 nec
775 2193 876 2248 lamam
895 2195 1004 2249 obstare
1022 2196 1120 2269 furori,¹

385 2268 494 2323 Talibus
511 2269 672 2339 adgreditur
690 2270 828 2324 Venerem
846 2272 973 2325 Saturnia
991 2271 1084 2327 dictis:

385 2344 531 2415 Egregiam
548 2363 612 2401 vero
630 2346 740 2401 laudem
758 2351 788 2401 et
806 2347 895 2416 spolia
912 2347 1002 2416 ampla
1018 2348 1130 2402 refertis

384 2420 480 2491 Tuque
497 2439 619 2493 puerque
637 2426 708 2490 tuus,
726 2440 854 2491 magnum
872 2426 902 2477 et
918 2423 1095 2494 memorabile
1112 2440 1219 2494 nemen,

384 2495 448 2551 Una
466 2497 528 2553 dolo
546 2499 636 2553 divom
654 2500 677 2553 si
694 2500 795 2553 femina
813 2499 884 2553 vieta
903 2498 1018 2552 duorum
1036 2502 1089 2555 est.
1217 2516 1243 2556 st

380 2570 444 2647 ⁸Nee
461 2591 505 2629 me
523 2576 592 2630 adeo
609 2576 680 2629 fallit
699 2576 813 2629 veritam
832 2578 862 2628 te
879 2575 985 2628 moenia
1002 2579 1098 2630 nostra

385 2647 532 2718 Suspectas
549 2650 677 2704 habuisse
696 2651 791 2705 domos
812 2650 992 2719 Karthaginis
1009 2651 1088 2707 altae.

385 2722 440 2778 Sed
458 2725 518 2793 quis
536 2727 590 2780 erit
608 2726 711 2790 modus,
730 2730 779 2780 aut
797 2743 852 2795 que
869 2743 941 2780 nuuc
959 2729 1108 2782 certamine
1125 2731 1226 2785 tantol

385 2799 456 2863 Quin
474 2800 565 2868 petius
583 2817 678 2869 pacem
696 2804 836 2856 aeternam
854 2806 1003 2873 pactosque
1021 2803 1185 2873 hymenaeos

384 2873 571 2931 Exereemusl
589 2875 681 2943 hebes,
700 2880 760 2930 tota
777 2878 851 2947 quod
869 2883 962 2934 mente
979 2880 1085 2949 petisti:
1206 2897 1245 2936 loo

385 2952 478 3006 Ardet
495 2967 588 3005 amans
607 2950 679 3006 Dido
697 2953 838 3023 traxitque
856 2970 906 3023 per
924 2972 985 3010 essa
1002 2956 1131 3012 furerem.

384 3027 562 3082 Communem
579 3028 651 3082 hunc
669 3045 734 3097 ergo
752 3030 882 3099 populum
900 3032 1069 3100 paribusque
1088 3050 1217 3101 regamus

384 3104 536 3174 Auspiciis3
553 3104 633 3158 liceat
652 3104 769 3174 Phrygio
787 3107 889 3161 servire
907 3108 1014 3175 marito,

383 3178 546 3250 Detalisque
564 3183 629 3235 tuae
648 3180 741 3250 Tyrios
760 3182 924 3251 permittere
942 3184 1065 3238 dextrae.

420 3255 595 3312 Olli-sensit
612 3258 684 3312 enim
702 3258 830 3312 simulata
848 3261 940 3312 mente
958 3260 1083 3329 locutam,
1207 3276 1245 3316 loe

386 3331 445 3397 Quo
462 3349 578 3401 regnum
596 3333 695 3389 Italiae
713 3335 826 3402 Libycas
843 3339 982 3390 averteret
999 3353 1097 3390 oras—

376 3406 427 3461 Sr’c
441 3413 537 3465 contra
553 3412 599 3467 est
614 3410 742 3481 ingressa
758 3410 869 3467 Venias:
885 3411 954 3475 eus
968 3412 1040 3464 talia
1054 3412 1171 3464 demens

360 3481 487 3555 tibuunt,
502 3491 561 3544 ‘aut
581 3491 680 3547 tecum
697 3490 782 3547 malit
798 3486 976 3545 contendere
988 3484 1079 3548 belle,

346 3551 382 3618 51'
393 3561 494 3633 modo,
514 3568 600 3636 quod
617 3586 783 3640 memoras,
798 3568 916 3623 factum
933 3562 1055 3615 tortuna
1068 3554 1229 3617 new-iffi
