3242 4159
393 526 441 572 224
627 522 657 571 P.
676 520 832 570 VERGILI
848 520 1016 570 MARONIS

388 604 498 671 Agmen
515 618 599 671 agens
617 602 732 656 Clausus
750 600 896 671 magnique
912 600 972 671 ipse
989 601 1108 671 agminis
1124 603 1220 674 instar,

388 678 504 733 Claudia
520 695 592 733 nune
609 695 626 732 a
643 695 698 747 quo
718 678 881 733 diffunditur
897 682 927 733 et
944 676 1034 733 tribus
1051 683 1083 734 et
1099 697 1171 749 gens

388 754 443 809 Per
467 755 583 822 Latium,
601 759 747 823 postquam
764 755 793 807 in
809 757 917 822 partem
935 754 1003 808 data
1020 753 1111 809 Roma
1128 755 1241 812 Sabinis

387 831 450 886 Una
467 831 562 900 ingens
580 831 726 885 Amiterna
744 830 841 883 cohors
858 830 997 899 priscique
1016 830 1148 903 Quirites,
1209 848 1242 889 uo

387 907 465 961 Ereti
481 924 578 961 manus
595 908 681 961 omnis
699 907 894 974 oliviferaeque
911 906 1071 973 Mutumcae3

387 983 440 1047 Qui
458 984 625 1037 Nomentum
643 982 747 1051 urbem,
765 982 812 1049 qui
831 982 921 1036 Rosea
938 998 1004 1036 rura
1021 982 1123 1052 Velini,

387 1060 440 1124 Qui
457 1059 581 1112 Tetricae
600 1058 737 1112 horrentis
754 1074 838 1127 rupes
856 1060 1033 1127 montemque
1050 1058 1187 1115 Severum

388 1135 599 1203 Casperiamque
617 1134 709 1188 colunt
728 1134 895 1202 Fomlosque
914 1135 943 1187 et
966 1134 1067 1188 flumen
1090 1136 1242 1195 Himellae

387 1211 440 1276 Qui
453 1209 572 1265 Tiberim
586 1210 769 1279 Fabarimque
780 1209 887 1279 bibunt,
903 1227 972 1279 quos
982 1210 1085 1279 frigida
1096 1212 1175 1268 misit
1207 1227 1241 1269 ut

386 1287 493 1353 Nursia
510 1290 539 1341 et
558 1288 694 1342 Hortinae
712 1288 811 1342 classes
829 1286 977 1356 populique
995 1286 1105 1355 Latini;

387 1363 516 1433 Quosque
533 1380 628 1419 secans
645 1365 793 1418 infamtum
811 1363 935 1417 interluit
953 1362 1028 1416 Allia
1041 1379 1154 1421 nomen:

386 1440 476 1504 Quam
493 1442 572 1495 multi
590 1441 690 1509 Libyco
708 1441 855 1494 volvuntur
872 1455 1007 1494 marmore
1025 1439 1135 1510 fluetus,

387 1516 490 1571 Saevus
507 1515 555 1569 ubi
575 1517 659 1570 Orion
677 1516 798 1570 hibernis
816 1516 943 1570 conditur
959 1514 1058 1581 undis;

386 1592 440 1648 Vel
457 1609 520 1647 cum
537 1593 593 1647 sole
610 1609 679 1647 novo
697 1592 799 1646 densae
817 1595 959 1646 torrentur
975 1591 1085 1661 aristae,
1125 1654 1128 1660 ,
1206 1606 1241 1649 ras

387 1671 448 1723 Aut
466 1668 564 1722 Hermi
581 1684 683 1737 campo,
700 1671 749 1722 aut
766 1668 866 1736 Lyciae
883 1667 1047 1738 flarentibus
1064 1667 1146 1723 arvis

387 1745 472 1801 Scuta
489 1747 593 1813 sonant,
612 1745 748 1814 pulsuque
765 1744 868 1813 pedum
886 1743 1035 1797 conterrita
1051 1743 1154 1816 tellus..

422 1821 496 1875 Hinc
514 1822 753 1890 Agamemnonius,
771 1820 880 1875 Troiani
892 1820 1013 1884 ⁸nominis
1029 1818 1127 1888 bostis,
1189 1863 1192 1869 .

387 1896 478 1950 Curru
494 1898 582 1966 iungit
601 1899 736 1952 Halaesus
754 1914 846 1967 equos,
865 1898 1010 1965 Turnoque
1027 1894 1129 1951 ferocis

386 1972 464 2027 Mille
481 1974 553 2041 rapit
570 1974 690 2042 populos,
710 1973 823 2028 vertunt
840 1973 929 2027 felicia
947 1969 1056 2026 Baccho
1205 1986 1241 2030 Μ

387 2048 503 2102 Massica
521 2050 568 2116 qui
586 2050 689 2115 rastris,
708 2053 737 2103 et
755 2066 824 2118 quos
841 2049 877 2103 de
895 2048 1009 2103 collibus
1025 2045 1092 2103 altis

388 2124 510 2177 Aurunci
527 2124 626 2177 misere
643 2128 738 2193 patres
756 2125 930 2195 Sidicinaque
947 2125 1026 2181 iuxta

388 2201 525 2268 Aequora,
543 2199 645 2268 quique
663 2200 743 2254 (iales
760 2200 895 2270 linquunt,
912 2201 1055 2271 amnisque
1072 2199 1170 2256 vadosi

387 2275 489 2330 Accola
507 2275 641 2344 Volturni,
659 2276 819 2346 pariterque
836 2277 971 2332 Saticulus
988 2294 1070 2347 asper

387 2352 573 2423 Oscorumque
590 2369 694 2407 manus.
729 2353 843 2407 Teretes
862 2357 926 2407 sunt
943 2353 1051 2421 aclydes
1068 2352 1124 2407 illis
1204 2367 1242 2409 reo

386 2428 468 2497 Tela3
484 2429 535 2483 sod
551 2429 619 2484 haec
636 2430 711 2484 lento
729 2446 787 2483 mos
806 2433 849 2483 cst
866 2432 963 2497 aptare
979 2428 1093 2497 flagello.

386 2504 491 2560 Laevus
508 2509 584 2561 cetra
601 2506 686 2574 tegit3
703 2504 796 2560 falcati
814 2506 962 2558 comminus
980 2522 1066 2559 enses

420 2582 447 2634 N
449 2599 480 2635 ec
497 2585 529 2636 tu
546 2582 711 2638 carminibus
728 2581 830 2635 nostris
847 2581 966 2635 indictus
983 2580 1079 2650 abibis,

387 2656 498 2725 chale,
516 2674 597 2725 quem
607 2674 760 2725 generasse
778 2658 862 2712 Telon
880 2656 1029 2712 Sebethide
1046 2656 1168 2726 nympha

385 2732 495 2799 Fertur,
514 2732 660 2785 Teleboum
679 2734 798 2801 Capreas
815 2751 877 2788 cum
894 2750 979 2801 regua
996 2736 1113 2801 teneret,
1204 2748 1242 2791 ⁷³5

387 2808 446 2861 lam
465 2808 569 2871 senior;
585 2809 682 2876 patriis
700 2808 750 2862 sed
768 2827 822 2863 non
840 2814 870 2865 et
886 2810 958 2863 filius
975 2811 1047 2863 arvis

387 2884 538 2939 Contentus
556 2884 612 2937 late
629 2884 684 2937 iam
701 2888 762 2939 tum
780 2886 887 2941 dicione
903 2886 1048 2956 premebat

386 2960 518 3015 Sarrastis
536 2960 650 3029 populos
668 2964 697 3015 et
716 2978 786 3029 quae
803 2963 877 3031 rigat
894 2979 1014 3031 aequora
1031 2962 1142 3030 Sarnus,

386 3037 494 3106 Quique
503 3038 602 3090 Rufras
610 3037 795 3106 Batulumque
803 3042 901 3094 tenent
908 3042 992 3107 atque
1004 3054 1071 3092 arra
1082 3038 1240 3106 Celemnae,

384 3113 422 3171 Et
441 3130 508 3183 quos
525 3113 664 3167 maliferae
683 3114 844 3183 despectant
860 3115 968 3168 moenia
986 3114 1110 3183 Abellae,
1203 3130 1242 3173 ulo

385 3188 533 3243 Teutonico
550 3189 608 3243 ritu
626 3190 698 3243 soliti
716 3193 846 3259 torquere
863 3190 980 3256 cateias3

385 3264 516 3333 Tegmina
533 3265 594 3335 quis
612 3266 731 3333 capitum
748 3269 844 3334 raptus
863 3266 898 3320 de
915 3266 1013 3320 subere
1030 3268 1133 3337 cortex,
1152 3263 1168 3301 '⁸

385 3339 561 3408 Aerataeque
578 3340 680 3396 micant
697 3342 794 3412 peltae,
814 3342 896 3396 micat
912 3359 1010 3397 aereus
1027 3336 1117 3396 ensis¹

410 3416 452 3470 m
469 3418 498 3470 te
514 3418 659 3473 montosae
677 3417 779 3474 misero
796 3417 827 3472 in
842 3418 950 3487 proelia
961 3418 1081 3481 ilersoa,

364 3490 460 3562 Urbes,
478 3494 625 3567 insignem
642 3498 723 3554 fama
740 3501 773 3555 ot
791 3494 923 3551 felicibus
939 3492 1042 3551 arulis,
1218 3503 1262 3541 w»

347 3563 477 3628 Horrida
494 3578 663 3651 praecipue
684 3578 735 3636 cui
752 3591 841 3650 gens,
857 3570 1041 3631 adsultim
1055 3560 1150 3613 imm
