3242 4159
646 524 853 574 GEORGIOON
869 525 938 574 LIB.
959 526 998 576 11.
1219 532 1248 575 41

392 608 462 675 Aut,
479 606 528 660 ubi
545 605 661 675 navigiis
678 605 824 659 violentior
841 606 939 660 incidit
956 606 1055 674 Eurus,

392 684 490 751 Nosse,
509 685 577 751 quot
596 682 667 736 ionii
684 682 795 736 veniant
811 682 849 735 ad
865 682 947 736 litora
964 684 1070 738 fluctus

428 761 454 813 N
456 776 487 813 ec
504 775 569 812 vero
587 762 679 813 terrae
696 759 771 813 ferre
789 774 883 813 omnes
900 762 990 814 omnia
1006 763 1128 829 possunt.

392 836 566 891 Fluminibus
584 835 680 890 salices
697 835 852 904 crassisque
869 837 1015 906 paludibus
1031 837 1087 892 alni
1214 853 1252 893 110

392 914 559 979 Nascuntur,
578 912 686 967 steriles
705 912 808 966 saxosis
827 912 967 966 montibus
984 915 1060 967 orni:

392 989 489 1045 Litora
505 989 631 1059 myrtetis
649 988 814 1056 laetissima;
832 988 950 1057 denique
967 994 1076 1060 apertos

391 1068 518 1132 Bacchus
534 1071 608 1121 amat
625 1066 708 1136 collis,
727 1066 881 1135 aquilonem
899 1069 929 1119 et
944 1067 1047 1135 frigora
1064 1068 1129 1121 taxi.

392 1146 495 1214 Aspice
513 1147 543 1199 et
560 1142 690 1197 extremis
709 1142 844 1195 domitum
862 1142 1013 1196 cultoribus
1029 1143 1131 1211 orbem,

391 1221 518 1290 ansque
535 1220 630 1273 domos
650 1219 775 1273 Arabum
792 1218 937 1287 pictosque
954 1219 1084 1274 Gelonos:
1214 1234 1251 1273 11⁶

390 1296 503 1351 Divisae
521 1295 665 1350 arboribus
682 1296 796 1364 patriae.
834 1293 898 1348 Sola
916 1294 996 1347 India
1013 1296 1122 1363 nigrum

390 1372 461 1427 Fert
479 1373 602 1438 ebenum,
621 1372 685 1425 solie
703 1373 746 1425 est
763 1374 845 1425 turea
860 1371 939 1439 virga
956 1371 1076 1425 Sabaeis.

390 1449 465 1514 Quid
482 1448 535 1502 tibi
553 1448 668 1501 odorato
685 1446 803 1500 referam
822 1448 950 1501 sudantia
967 1448 1041 1516 ligno

389 1525 573 1593 Balsamaque
590 1529 619 1578 et
637 1523 718 1577 bacas
736 1540 846 1593 semper
862 1524 1016 1578 frondentis
1033 1523 1164 1581 acanthi?
1245 1566 1247 1568 -

389 1601 465 1664 Quid
482 1616 594 1654 nemora
614 1600 789 1667 Aethiopum,
809 1599 884 1653 molli
902 1600 1027 1654 canentia
1044 1600 1126 1655 lanai
1212 1615 1249 1654 sao

390 1676 558 1746 velleraque
575 1679 607 1730 ut
625 1675 695 1729 foliis
715 1676 863 1744 depectant
881 1676 977 1729 tenuia
995 1676 1092 1730 Seresi

390 1754 452 1806 Aut
470 1770 538 1821 quos
557 1753 665 1806 Oceano
682 1752 794 1820 propior
811 1752 885 1819 gerit
905 1752 985 1805 India
1003 1752 1085 1819 lucos,
1138 1793 1141 1797 .

388 1828 515 1883 Extremi
534 1830 608 1883 sinus
626 1827 708 1895 orbis,
727 1827 773 1881 ubi
793 1844 858 1881 aera
875 1827 983 1881 vincere
1000 1840 1136 1881 summum

389 1905 508 1959 Arboris
524 1904 598 1957 haud
615 1905 687 1958 ullae
706 1903 780 1957 iactu
798 1908 914 1973 potuere
933 1904 1070 1972 sagittaei

388 1980 428 2033 Et
444 1997 512 2049 gens
529 1980 576 2034 illa
594 1979 706 2049 quidem
725 1981 841 2049 sumptis
858 1997 912 2033 nou
930 1980 1012 2034 tarda
1027 1980 1172 2049 pharetris.
1212 1994 1249 2035 125

388 2056 486 2110 Media
501 2057 557 2110 fert
574 2056 663 2110 tristis
683 2072 761 2109 sucos
779 2057 946 2126 tardumque
964 2074 1088 2127 saporem

389 2132 489 2186 Felicis
506 2133 578 2200 mali,
598 2148 652 2201 quo
670 2148 724 2195 non
742 2134 913 2201 praesentius
930 2134 1023 2201 ullum,

389 2208 492 2263 Pocula
509 2209 531 2262 si
550 2207 659 2277 quando
679 2224 776 2261 saevae
794 2208 914 2263 infecere
932 2226 1063 2264 novercae

388 2283 613 2353 Miscueruntque
630 2283 731 2337 herbas
749 2288 779 2338 et
796 2300 850 2338 nou
868 2286 977 2339 innoxia
994 2286 1085 2353 verba,

388 2361 532 2414 Auxilium
549 2361 632 2426 venit,
651 2377 683 2414 ac
701 2360 832 2415 membris
849 2362 908 2429 agit
925 2365 986 2415 atra
1003 2376 1113 2414 venena
1210 2372 1248 2413 iso

388 2435 456 2504 Ipsa
472 2437 569 2505 ingens
585 2436 667 2490 arbos
684 2437 836 2506 faciemque
854 2437 990 2490 simillima
1007 2437 1090 2503 lauro,

388 2512 434 2578 lit,
453 2513 475 2566 si
494 2530 547 2565 non
565 2513 650 2566 alium
668 2513 723 2566 lato
740 2513 856 2566 iactaret
874 2512 993 2579 odorem,

388 2587 497 2641 Laurus
515 2592 591 2654 crat;
607 2588 673 2642 folia
690 2589 764 2642 haud
783 2589 845 2642 ullis
862 2589 985 2643 labentia
1002 2590 1109 2654 ventis;

387 2662 454 2717 Flos
470 2664 505 2717 ad
523 2666 614 2733 prima
631 2668 728 2731 tenax;
749 2666 854 2719 animas
871 2669 901 2720 et
918 2664 1022 2719 olentia
1041 2666 1117 2720 Medi

386 2738 445 2791 Ora
461 2740 555 2794 fovent
572 2741 618 2794 iilo
636 2744 666 2794 et
684 2740 794 2795 senibus
811 2742 983 2797 medicantur
1000 2742 1111 2797 anhelis.
1208 2758 1245 2798 iss

423 2815 478 2871 Sed
496 2832 588 2884 neque
604 2816 750 2869 Medorum
769 2818 859 2885 silvae,
878 2818 1013 2872 ditissima
1029 2822 1112 2887 terra,

385 2890 447 2945 Nec
464 2891 579 2960 pulcher
596 2892 706 2960 Ganges
724 2897 808 2963 atque
826 2911 892 2948 auro
909 2895 1036 2949 turbidus
1054 2895 1175 2948 Hermus

386 2966 529 3021 Laudibus
548 2968 646 3021 italiae
664 2974 778 3038 certent,
796 2986 851 3023 uon
870 2971 979 3037 Bactra,
997 2986 1085 3039 neque
1104 2969 1175 3036 Indi,

385 3040 511 3111 Totaque
528 3043 651 3097 turiferis
670 3045 806 3100 Panchaia
823 3048 931 3115 pinguis
948 3048 1045 3101 arenis.

386 3117 465 3171 Haec
482 3118 542 3171 loca
558 3135 612 3172 nou
630 3120 702 3173 tauri
722 3123 858 3190 spirantes
877 3123 989 3176 naribus
1006 3124 1095 3189 ignem
1208 3133 1244 3173 140

386 3192 531 3247 Invertere
549 3194 616 3247 satis
633 3197 749 3251 inmanis
768 3198 897 3251 dentibus
914 3198 1001 3265 hydri,

384 3267 446 3324 Nec
462 3271 548 3339 galeis
567 3270 716 3341 densisque
733 3274 821 3327 virum
841 3292 919 3344 seges
936 3272 1042 3325 horruit
1059 3270 1163 3337 hastis3

378 3344 439 3395 Sed
448 3345 584 3409 gravidae
598 3348 694 3419 fruges
713 3354 744 3407 et
762 3352 867 3408 Bacchi
884 3351 1023 3408 Massicus
1034 3348 1138 3403 humor

365 3414 532 3497 ῙζΨΙθνθνω
551 3424 651 3480 tonent
670 3428 751 3487 oieae
770 3436 968 3504 armentaque
981 3430 1076 3485 iacta.

351 3482 430 3569 lime
447 3487 573 3577 beilator
589 3515 684 3572 equus
705 3526 815 3581 campo
834 3528 905 3569 sese
921 3510 1041 3567 ardum
1057 3505 1171 3570 intents
1258 3503 1283 3545 Ἦ

337 3553 417 3608 Hmo
432 3562 500 3631 ”Ibi
524 3569 686 3652 omme,
707 3605 825 3662 greges
844 3594 884 3651 et
901 3605 1057 3650 maxuma
1070 3590 1185 3644 taum
