3242 4159
664 524 848 574 AENEIDOS
869 524 939 574 LIB.
964 524 1013 573 IV.
1213 528 1256 574 151

402 608 515 663 Invidia
532 607 592 662 esti
629 604 666 659 Et
683 621 733 658 nos
749 604 791 658 fas
808 610 914 659 extera‘
922 620 1168 675 quaerereregna.
1222 621 1259 660 aso

402 685 452 738 Me
469 683 556 752 patris
574 680 719 748 Anchisae,
737 682 864 749 quotiens
881 681 1058 736 humentibus
1074 681 1179 735 umbris

401 760 469 814 Nox
487 757 576 827 operit
593 760 690 823 terras,
711 758 839 825 quotiens
857 760 933 813 astra
949 758 1031 826 ignea
1049 761 1172 826 surgunt,

402 835 546 889 Admonet
563 834 592 886 in
610 832 711 885 somnis
730 835 759 887 et
777 832 891 886 turbida
908 835 997 888 terret
1015 834 1120 902 imag0;

400 911 451 966 Me
467 927 537 981 puer
554 909 689 963 Ascanius
706 909 857 977 capitisque
874 909 972 963 iniuria
988 909 1051 977 cari,

401 987 493 1052 Quem
510 1001 594 1053 regno
614 983 765 1053 Hesperiae
782 985 881 1040 fraudo
898 989 928 1040 et
944 985 1074 1041 fatalibus
1091 986 1170 1042 arvis.
1222 1003 1259 1043 ess

400 1063 484 1117 Nune
502 1061 585 1115 etiam
602 1061 738 1130 interpres
756 1060 855 1129 divom,
875 1062 940 1116 Iove
959 1062 1057 1116 missus
1075 1062 1111 1117 ab
1127 1064 1223 1133 ipso-

400 1139 503 1193 Testor
519 1140 668 1206 utrumque
686 1138 901 1207 caput—celeris
919 1139 1050 1193 mandata
1068 1156 1117 1208 per
1134 1157 1215 1194 auras

400 1214 527 1280 Detulit3
545 1214 605 1283 ipse
622 1213 704 1268 deum
722 1214 867 1268 manifesto
885 1215 914 1267 in
931 1214 1034 1268 lumine
1051 1215 1108 1269 vidi

400 1292 560 1346 Intrantem
577 1307 677 1357 muros,
694 1295 844 1359 vocemque
860 1290 903 1343 his
921 1290 1033 1344 auribus
1050 1291 1135 1346 hausi.

399 1360 505 1422 Desine
522 1383 621 1435 meque
638 1367 693 1420 tuis
711 1358 858 1421 incendere
875 1370 960 1435 teque
977 1365 1110 1436 querelis;
1148 1429 1150 1431 v
1221 1381 1259 1423 eoo

400 1443 521 1498 Italiam·
532 1459 586 1496 non
603 1445 700 1511 sponte
719 1459 824 1511 sequor.
1097 1488 1100 1491 ,

437 1519 513 1573 Talia
531 1519 667 1573 dicentem
685 1518 846 1572 iamdudum
864 1535 960 1574 aversa
977 1522 1078 1589 tuetur,

400 1596 469 1650 Huc
485 1595 550 1649 illuc
568 1593 677 1647 volvens
696 1593 795 1659 oculos,
814 1598 958 1663 totumque
976 1597 1102 1664 pererrat

400 1670 563 1725 Luminibus
582 1670 681 1737 tacitis,
701 1672 731 1723 et
749 1669 787 1723 sie
804 1685 918 1724 accensa
936 1673 1075 1740 profatur:

399 1748 428 1802 N
430 1764 462 1801 ee
474 1746 524 1800 tibi
537 1746 601 1800 diva
611 1762 718 1814 parens,
730 1745 839 1814 generis
850 1763 900 1800 nec
912 1746 1058 1801 Dardanus
1069 1751 1171 1816 auctor,
1221 1751 1258 1801 sss

402 1820 529 1887 Perfide;
549 1821 600 1876 sed
618 1822 695 1875 duris
712 1822 808 1890 genuit
826 1825 856 1875 te
874 1822 1000 1876 cautibus
1018 1823 1133 1877 horrens

400 1900 546 1967 Caucasus,
565 1898 764 1966 Hyrcanaeque
783 1898 930 1952 admorunt
948 1898 1034 1953 ubera
1051 1899 1146 1967 tigres.

400 1973 475 2027 Nam
487 1975 555 2043 quid
567 1974 723 2029 dissimulo?
737 1977 786 2028 aut
798 1990 868 2042 quae
880 1992 924 2028 me
936 1976 973 2029 ad
983 1975 1086 2029 maiora
1096 1978 1223 2031 reservet

400 2050 476 2104 Num
495 2051 562 2105 fletu
579 2050 712 2119 ingemuit
730 2053 841 2105 nostrol
862 2068 929 2104 num
948 2051 1052 2106 lumina
1068 2052 1162 2106 flexiti

400 2126 478 2179 Num
486 2126 610 2180 lacrimas
619 2127 707 2180 vietus
717 2125 802 2193 dedit,
813 2131 863 2181 aut
871 2130 1017 2183 miseratus
1026 2132 1163 2182 amantem
1175 2129 1235 2183 esti

402 2201 480 2265 Quae
492 2201 590 2270 quibus
601 2203 769 2255 anteferaml
787 2203 848 2255 Iam
859 2203 913 2256 iam
925 2222 975 2259 nee
986 2220 1113 2259 maxuma
1126 2204 1202 2274 Iuno,
1221 2216 1257 2258 sel

401 2279 428 2331 N
431 2294 462 2331 ee
480 2278 624 2331 Saturnius
642 2277 709 2331 haec
728 2278 812 2331 oeulis
830 2282 910 2347 pater
927 2280 1024 2348 aspicit
1041 2280 1142 2349 aequis.
1254 2336 1258 2343 .

401 2353 545 2422 Nusquam
563 2356 625 2407 tuta
642 2353 718 2408 fides.
755 2353 883 2408 Eiectum
901 2355 990 2422 litore,
1009 2359 1138 2423 egentem

401 2426 505 2497 Excepi
523 2433 553 2484 et
569 2430 647 2497 regni
665 2430 778 2484 demens
795 2430 825 2483 in
842 2434 922 2497 parte
939 2431 1039 2496 locari3

402 2505 542 2562 Amissam
560 2507 681 2576 classem,
699 2507 785 2561 soeios
803 2522 820 2559 a
837 2510 927 2560 morte
945 2506 1048 2560 reduxi
1139 2515 1150 2531 ·
1221 2519 1258 2562 ³7⁵

402 2583 469 2637 Heu
486 2582 564 2637 furiis
581 2583 690 2636 incensa
707 2584 794 2636 feror!
832 2582 858 2635 N
860 2599 912 2635 une
930 2598 1017 2649 augur
1035 2583 1142 2652 Apollo,

401 2660 429 2712 N
431 2676 484 2713 une
501 2659 598 2727 Lyciae
617 2663 712 2727 sortes,
729 2675 801 2712 nunc
821 2662 850 2713 et
869 2658 935 2713 Iove
952 2657 1051 2713 missus
1069 2659 1104 2713 ab
1123 2658 1183 2729 ipso

402 2736 547 2804 Interpres
565 2736 656 2790 divom
674 2736 729 2789 fert
747 2735 860 2789 horrida
878 2734 952 2789 iussa
968 2751 1019 2804 per
1037 2751 1123 2790 auras.

401 2811 512 2866 Scilicet
529 2813 552 2865 is
571 2812 683 2881 Superis
701 2812 778 2865 labor
796 2816 846 2879 est,
866 2829 899 2866 ea
916 2828 982 2866 eura
1000 2812 1108 2881 quietos

401 2888 544 2943 Sollicitat,
580 2885 678 2957 Neque
695 2891 724 2941 te
742 2891 831 2957 teneo,
849 2905 938 2958 neque
956 2888 1029 2942 dicta
1046 2888 1155 2953 refell03
1222 2900 1260 2939 sao

402 2966 426 3032 I,
446 2981 562 3033 sequere
580 2964 690 3018 Italiam
709 2966 805 3032 ventis,
824 2968 889 3034 pete
906 2981 992 3032 regna
1008 2980 1059 3033 per
1076 2962 1170 3017 undas.

401 3042 489 3111 Spero
507 3040 636 3110 equidem
653 3041 759 3109 mediis,
777 3042 800 3094 si
818 3041 886 3109 quid
902 3042 948 3109 pia
965 3040 1076 3093 numina
1093 3040 1213 3108 possunt,

401 3118 541 3187 Supplicia
558 3117 706 3170 hausurum
725 3118 850 3186 seopulis,
868 3119 898 3170 et
915 3116 1023 3169 nomine
1041 3114 1113 3168 Dido

401 3195 491 3262 Saepe
509 3197 675 3247 vocaturum.
712 3193 817 3261 Sequar
834 3193 903 3245 atris
921 3191 1030 3259 ignibus
1048 3189 1152 3255 absens,

402 3271 449 3338 Et,
467 3287 529 3324 cum
545 3269 646 3337 frigida
663 3286 736 3323 mors
753 3270 843 3322 anima
861 3267 1003 3321 seduxerit
1019 3269 1103 3331 artus,
1222 3276 1261 3317 aas

401 3346 538 3400 Omnibus
555 3345 653 3400 umbra
669 3345 735 3398 locis
751 3345 842 3399 adero.
877 3343 970 3411 Dabis,
987 3340 1107 3411 inprobe,
1124 3356 1232 3409 poenas

399 3422 530 3487 Audiam,
549 3425 579 3475 et
594 3421 663 3475 baec
680 3420 772 3477 Manis
790 3422 885 3477 veniet
901 3420 974 3475 mibi
987 3420 1067 3475 tama
1081 3416 1137 3471 sub
1147 3417 1236 3467 imos.

386 3495 445 3545 His
459 3495 585 3547 medium
604 3496 690 3553 dictis
708 3516 872 3557 sermonem
890 3497 1055 3570 abrumpit,
1072 3498 1105 3550 et
1120 3504 1214 3545 annua

365 3566 474 3631 ⁴4⁶3⁷²
488 3567 574 3635 &slis
593 3587 687 3641 seque
703 3592 744 3633 ex
764 3579 859 3636 oeulis
876 3578 997 3636 avertit
1013 3580 1048 3633 et
1064 3569 1181 3630 auem,
