3242 4159
387 526 418 572 18
615 519 643 567 P.
663 519 816 567 VERGILI
833 519 1000 568 MARONIS

387 601 482 670 Incipe
501 599 651 653 Maenalios
669 615 783 666 mecum,
801 615 864 652 mea
881 599 958 668 tibia,
976 616 1079 654 versus.

386 677 467 730 Nunc
485 679 514 730 et
532 676 589 729 ovis
607 674 681 728 ultro
699 675 786 742 fugiat
803 675 892 744 lupus,
911 693 994 729 aurea
1012 676 1098 731 diuae

386 751 461 805 Mala
478 752 569 805 ferant
587 768 709 819 quercus,
728 751 849 805 narcisso
867 753 964 805 floreat
982 752 1067 822 alnus,

387 828 502 897 Pinguia
520 828 666 881 corticibus
684 828 785 881 sudent
803 828 907 882 electra
924 830 1050 896 myricae,

387 906 502 959 Certent
519 908 549 958 et
566 907 656 973 cycnis
674 904 772 970 ululae,
791 905 828 958 sit
846 905 956 972 Tityrus
974 904 1109 973 Orpheus,
1218 922 1245 962 ⁵⁵

387 981 513 1050 Orpheus
531 981 559 1034 in
578 979 659 1046 silvis,
677 980 750 1033 inter
768 980 911 1049 delphinas
929 980 1024 1046 Arion,

387 1058 491 1125 (Incipe
511 1056 662 1109 Maenalios
680 1071 794 1124 mecum,
812 1072 874 1109 mea
891 1055 966 1124 tibia,
985 1056 1088 1121 versus)

386 1132 485 1186 Omnia
502 1131 544 1185 vel
562 1131 684 1184 medium
702 1132 769 1185 liant
786 1148 869 1185 mare.
905 1132 1005 1198 Viuite,
1025 1131 1125 1186 silvae:

387 1208 522 1277 Praeceps
539 1207 607 1261 aerii
625 1208 734 1277 specula
752 1208 787 1260 de
804 1208 906 1260 montis
924 1208 952 1259 in
969 1209 1057 1261 undas

386 1284 523 1357 Deferai31
538 1288 692 1338 extremum
710 1283 761 1336 hoc
778 1300 876 1336 munus
893 1284 1033 1337 morientis
1051 1284 1158 1339 habete.
1217 1299 1243 1338 ce

386 1359 487 1415 Desine
506 1360 663 1426 Maenalios,
682 1361 735 1412 iam
754 1359 858 1427 desine,
876 1359 951 1427 tibia,
969 1376 1070 1413 versus.

421 1437 500 1491 Haec
517 1435 641 1500 Damam
659 1451 713 1502 vos,
732 1451 802 1503 quae
820 1435 994 1504 responderit
1012 1434 1223 1505 Alphesiboeus,

385 1512 484 1581 Dicite,
503 1512 647 1577 Pierides3
664 1528 717 1564 non
736 1512 825 1564 omnia
842 1528 985 1579 possumus
1003 1529 1103 1565 omnes.

419 1589 455 1643 A.
474 1588 548 1642 Effer
566 1604 672 1656 aquarn,
691 1589 720 1640 et
737 1587 811 1639 molli
830 1587 908 1655 cinge
926 1589 992 1640 haec
1010 1588 1107 1641 altaria
1124 1588 1204 1657 vitta,

384 1665 582 1733 Verbenasque
601 1663 679 1717 adole
697 1662 805 1731 pinguis
825 1667 854 1715 et
872 1664 991 1715 mascula
1009 1667 1088 1719 tura:
1216 1682 1241 1719 aa

386 1741 514 1811 Coniugis
531 1744 564 1794 ut
581 1739 692 1809 magicis
711 1756 791 1793 sanos
808 1742 935 1792 avertere
954 1740 1036 1792 sacris

386 1817 519 1887 Experiar
537 1834 649 1882 sensns3
667 1815 733 1869 nihil
751 1814 795 1869 hic
813 1814 864 1867 nisi
883 1816 1003 1868 carmina
1022 1817 1128 1871 desunt.

386 1892 486 1947 Ducite
498 1892 533 1946 ab
545 1893 614 1946 urbe
627 1892 744 1958 domum,
757 1908 818 1944 mea
830 1890 956 1957 carmina,
970 1892 1063 1945 ducite
1076 1892 1221 1961 Daphnim

387 1968 514 2023 Carmina
530 1968 573 2022 vel
591 1966 665 2020 caelo
683 1970 797 2034 possunt
816 1966 953 2019 deducere
973 1967 1093 2034 Lunam;

386 2044 559 2099 Carminibus
578 2043 655 2097 Circe
674 2042 759 2096 socios
777 2042 895 2097 mutant
913 2041 1004 2109 Ulixi3
1215 2059 1241 2100 aa

387 2120 517 2188 Frigidus
533 2120 561 2173 in
579 2119 664 2187 pratis
682 2118 818 2171 cantando
837 2118 974 2187 rumpitur
991 2121 1094 2186 anguis.

387 2195 487 2250 Ducite
498 2194 533 2249 ab
544 2194 613 2247 urbe
626 2194 743 2261 domurn,
755 2210 817 2247 mea
828 2194 955 2261 carmina,
969 2194 1062 2247 ducite
1074 2195 1220 2263 Daphnim.

387 2272 476 2326 'lerna
492 2271 545 2326 tibi
562 2271 629 2324 haec
646 2270 764 2338 primurn
783 2269 884 2337 triplici
904 2270 1011 2323 diversa
1029 2271 1119 2325 colore

387 2347 463 2402 Licia
480 2346 625 2414 circumdo,
643 2350 741 2414 terque
758 2346 826 2399 haec
844 2346 941 2399 altaria
957 2346 1059 2399 circum

387 2425 517 2494 llffigiem'
529 2423 616 2488 duce;
633 2438 746 2476 numero
766 2422 834 2475 deus
851 2423 947 2491 inpare
964 2421 1075 2488 gaudet.
1216 2438 1241 2479 7⁵

386 2503 498 2573 [Ducite
510 2499 545 2553 ab
556 2499 625 2553 urbe
637 2498 755 2566 domum,
769 2514 830 2551 mea
842 2498 969 2564 carmina,
978 2497 1069 2551 ducite
1081 2497 1242 2569 Daphnim]

387 2580 474 2633 Necte
491 2576 579 2630 tribus
596 2574 675 2628 nodis
693 2577 794 2642 ternos,
814 2574 954 2641 Amarylli,
972 2574 1093 2640 celeres3

388 2655 483 2721 Necte,
502 2650 640 2719 Amarylli‚
658 2650 747 2716 modo,
766 2653 802 2717 et,
822 2650 948 2718 Veneris,
964 2650 1016 2718 dic,
1030 2651 1136 2705 vincula
1153 2658 1243 2711 necte.

388 2730 487 2784 Ducite
498 2728 533 2779 ab
544 2726 612 2779 urbe
625 2725 744 2793 domum,
756 2742 818 2779 mea
830 2728 956 2794 carmina,
971 2726 1064 2779 ducite
1082 2727 1231 2796 Daphnim.
1265 2742 1268 2746 ’

388 2800 481 2859 Limus
498 2807 530 2856 ut
546 2801 590 2854 hic
609 2801 729 2854 durescit
749 2805 778 2856 et
796 2802 864 2855 haec
882 2805 914 2856 ut
932 2820 995 2856 cera
1013 2795 1139 2870 liquescit
1217 2822 1243 2861 sc

387 2880 450 2937 Uno
468 2879 618 2946 eodemque
635 2878 699 2945 igni,
718 2879 756 2931 sic
774 2882 869 2931 nostro
888 2879 1011 2948 Daphnis
1029 2896 1128 2932 amore.

389 2959 494 3028 Sparge
508 2954 614 3019 molam,
634 2958 662 3007 et
679 2954 782 3021 fragilis
802 2955 918 3009 incende
936 2954 1071 3008 bitumine
1088 2955 1188 3011 laurus.

389 3034 511 3103 Daphnis
522 3048 567 3085 me
579 3032 666 3084 malus
677 3030 741 3097 urit,
755 3049 805 3099 ego
817 3030 887 3085 hanc
899 3032 927 3085 in
942 3032 1087 3100 Daphnide
1099 3032 1214 3088 laurum.

389 3110 487 3164 Ducite
499 3109 534 3163 ab
546 3108 616 3162 urbe
628 3108 746 3177 domum,
758 3128 820 3165 mea
832 3110 960 3177 carmina,
975 3108 1067 3163 dueta
1079 3111 1226 3181 Daphnim.

388 3186 461 3239 'Palis
478 3203 554 3239 amor
572 3184 716 3255 Daphnim,
736 3186 826 3255 qualis
844 3202 906 3239 cum
924 3186 996 3242 fessa
1013 3189 1154 3243 iuvencum
1219 3206 1244 3243 es

390 3261 444 3315 Per
461 3278 572 3315 nemora
588 3265 673 3331 atque
690 3264 759 3317 altos
780 3266 936 3334 quaerendo
955 3266 1054 3322 bucula
1070 3267 1145 3320 lucos

382 3336 506 3403 Propter
519 3354 610 3406 aquae
627 3339 716 3395 rirum
735 3341 820 3396 viridi
836 3341 995 3412 procumbit
1011 3343 1042 3395 in
1057 3342 1129 3409 ulra

365 3406 493 3493 P0sd1'ta,
513 3430 568 3466 nec
587 3433 669 3473 serae
689 3420 821 3478 meminit
840 3419 979 3475 decedere
996 3418 1087 3485 necti,

353 3477 431 3533 Talis
447 3500 537 3540 amor
554 3494 658 3552 teneat
689 3516 743 3555 nec
764 3500 803 3555 sit
822 3498 897 3554 mihi
915 3512 986 3551 cura
1002 3491 1127 3547 mederi.

351 3546 447 3610 91101’te
458 3561 503 3616 ab
518 3566 597 3625 urbe
610 3542 749 3650 domum,
762 3596 834 3635 mea
847 3574 991 3640 carmina,
1003 3568 1107 3623 ducite
1113 3556 1277 3625 th‘ffil'm·
