3242 4159
665 535 852 587 AENEIDOS
869 539 938 588 LIB.
957 540 1022 589 XII.
1216 546 1262 589 ³23

409 616 532 673 Nomine
549 631 630 673 arum
647 617 775 685 referens,
799 618 890 672 auimo
912 618 1090 687 manibusque
1112 624 1262 687 parentem,

411 695 468 761 Qui
485 694 629 763 quondam,
649 697 739 747 castra
757 697 789 747 ut
807 694 932 747 Danaum
950 696 1102 765 speculator
1119 696 1216 762 adiret,

412 767 510 826 Ausus
526 770 638 823 Pelidae
655 771 774 838 pretium
792 769 845 823 sibi
863 788 975 839 poscere
992 787 1089 823 currus
1098 791 1106 832 ;
1226 787 1264 825 asc

411 847 495 901 Illum
513 845 632 914 Tydides
650 845 703 899 alio
720 864 771 915 pro
788 846 890 899 talibus
908 848 981 899 ansis

411 922 525 977 Adfecit
542 923 638 991 pretio,
657 939 708 976 uec
726 924 803 991 cquis
821 923 944 991 adspirat
961 924 1083 979 Achillis.

410 998 495 1053 Hunc
511 998 605 1068 procul
622 1002 655 1051 ut
672 1016 767 1067 campo
786 999 893 1051 Turnus
910 1001 1051 1068 prospexit
1068 1003 1171 1068 aperto,

409 1077 487 1129 Ante
504 1074 558 1128 leri
575 1074 663 1128 iaculo
681 1075 792 1142 longum
810 1074 957 1142 perinane
977 1079 1093 1143 secutus,

408 1150 491 1205 Sistit
509 1167 594 1218 equos
611 1149 711 1217 biiugis
730 1153 759 1203 ct
778 1166 860 1203 curru
877 1150 977 1216 desilit,
997 1154 1079 1220 atque
1226 1168 1262 1205 sse

408 1226 568 1282 Semianimi
585 1226 716 1294 lapsoque
735 1226 899 1293 supervenit,
918 1230 947 1279 et
964 1226 1036 1293 pedo
1054 1228 1122 1281 collo

408 1292 546 1369 inpresso,
566 1301 681 1355 dextrae
699 1318 856 1354 mucronem
874 1305 1021 1370 extorquet
1039 1306 1068 1356 et
1084 1304 1141 1356 ulto

408 1377 573 1445 Fulgentem
591 1377 693 1445 tinguit
710 1377 811 1444 iugulo,
831 1381 916 1445 atquo
933 1377 1001 1431 haec
1018 1378 1130 1446 insuper
1147 1379 1243 1433 addit:

407 1452 460 1520 un,
478 1470 565 1521 agros,
583 1458 620 1520 et,
635 1469 721 1521 quam
739 1453 819 1520 bello,
838 1453 960 1520 Troiane,
976 1454 1080 1523 petisti,

406 1528 575 1599 Hesperiam
587 1530 686 1583 metire
697 1530 787 1582 iacens
799 1547 805 1582 ι
818 1528 885 1581 haec
896 1529 1026 1597 praemia,
1039 1531 1087 1597 qui
1098 1546 1142 1583 me
1223 1544 1260 1583 aec

406 1604 496 1659 Ferro
514 1606 572 1659 ausi
584 1608 735 1673 temptare,
753 1604 863 1671 ierunt;
880 1605 919 1658 sic
935 1606 1043 1659 moenia
1060 1606 1190 1660 condunt.

406 1681 483 1735 Huic
499 1681 626 1735 comitem
647 1680 771 1749 Asbyten
789 1681 912 1736 coniecta
929 1682 1042 1749 cuspide
1060 1682 1156 1750 mittit,

407 1757 579 1827 Chloreaque
598 1756 775 1826 Sybarimque
793 1757 952 1824 Daretaque
971 1757 1230 1827 Thersilochumque

405 1834 447 1888 llt
464 1833 597 1886 sternacis
615 1832 679 1901 equi
697 1832 803 1901 lapsum
822 1831 926 1885 cervice
945 1832 1119 1899 Thymoeten.
1218 1849 1223 1859 ·

405 1909 452 1963 'Ac
468 1908 544 1962 velut
563 1908 651 1963 Edoni
669 1908 775 1962 Boreae
793 1924 855 1962 cum
874 1907 988 1976 spiritus
1005 1908 1061 1961 alto
1222 1925 1259 1963 sss

405 1984 522 2039 Insonat
541 1984 660 2052 Aegaeo,
679 1983 858 2052 sequiturque
875 1983 912 2035 ad
929 1982 1011 2037 litora
1029 1983 1147 2050 fluctus3

404 2059 468 2125 Qua
484 2060 559 2113 venti
576 2059 843 2127 hermarenges
862 2059 930 2113 dant
947 2059 1042 2114 nubila
1058 2060 1147 2126 caelo;

402 2136 452 2191 Sic
469 2136 567 2210 Turno,
586 2152 756 2204 quacumque
774 2136 845 2189 riam
863 2138 944 2209 secat,
963 2137 1071 2205 agmina
1088 2137 1190 2191 cedunt

404 2211 613 2279 Conversaeqne
630 2215 715 2265 ruunt
733 2212 822 2275 acies3
839 2212 893 2265 fert
912 2213 1032 2280 impetus
1049 2213 1147 2281 ipsum,

403 2287 444 2341 Et
460 2287 571 2341 crismm
589 2286 704 2340 adverso
722 2303 805 2340 curru
823 2286 915 2352 quatit
932 2302 999 2339 aura
1016 2287 1160 2341 volantem.
1220 2301 1258 2343 aro

403 2362 432 2415 N
433 2379 469 2415 on
486 2361 551 2415 tulit
568 2362 717 2415 instantem
736 2361 862 2429 Phegeus
880 2360 1032 2429 animisque
1049 2361 1233 2428 frementem3

403 2435 514 2491 Obiecit
531 2454 592 2491 sese
609 2437 645 2490 ad
662 2454 780 2504 currum,
799 2440 828 2491 et
846 2435 1000 2505 spumantia
1016 2436 1101 2489 irenis

403 2512 461 2567 Ora
478 2514 625 2567 citatorum
644 2513 743 2567 dextra
761 2513 878 2567 detorsit
896 2528 1038 2580 equorum.

403 2587 478 2642 Dum
496 2588 616 2643 trahitur
633 2588 791 2657 pendetque
810 2588 889 2656 iugis,
908 2587 979 2640 hunc
996 2586 1054 2640 lata
1069 2589 1205 2641 retectum

403 2664 512 2718 Lancea
529 2667 712 2732 consequitur,
729 2665 889 2732 rumpitque
907 2663 991 2716 infixa
1008 2662 1116 2717 bilicem
1219 2678 1256 2719 are

404 2740 535 2808 Loricam,
554 2744 583 2794 et
601 2756 737 2793 summum
755 2739 885 2806 degustat
902 2738 1011 2793 volnere
1029 2756 1135 2808 corpus.

404 2815 457 2869 ille
473 2818 566 2869 tamen
583 2815 669 2882 clipeo
687 2814 795 2868 obiecto
813 2831 959 2869 conversus
975 2815 1004 2868 in
1021 2815 1128 2869 hostem

403 2891 475 2958 Ibat
493 2895 522 2945 et
539 2891 670 2944 auxilium
688 2890 771 2944 ducto
788 2907 918 2945 mucrone
935 2891 1067 2960 petebat;

402 2966 474 3021 (lum
491 2969 553 3020 rota
569 2966 748 3035 praecipitem
767 2969 797 3020 et
813 2983 946 3035 procursu
964 2966 1086 3019 concitus
1103 2966 1163 3019 axis

401 3042 510 3112 Inpulit
527 3042 697 3110 effimditque
715 3041 779 3108 solo,
798 3042 959 3110 Turnusque
977 3043 1088 3093 secutus
1217 3056 1256 3096 aso

402 3119 492 3173 Imam
509 3118 583 3171 inter
599 3117 705 3185 galeam
723 3118 822 3171 summi
841 3116 959 3170 thoracis
977 3119 1006 3169 et
1024 3131 1086 3168 oras

402 3194 528 3248 Abstulit
545 3208 611 3246 ense
629 3196 718 3261 eaput,
736 3195 919 3260 truncumque
937 3190 1050 3259 reliquit
1066 3206 1173 3244 arenae.

436 3270 532 3339 Atque
549 3286 582 3322 ea
600 3268 666 3321 dum
685 3268 787 3336 campis
804 3267 892 3321 victor
910 3266 959 3320 dat
977 3266 1075 3319 lunera
1093 3264 1211 3336 Turnus,

399 3346 514 3402 interea
532 3345 646 3399 Aenean
665 3343 827 3397 Mnestheus
845 3346 874 3395 et
891 3342 963 3396 fidus
982 3341 1104 3395 Achates

395 3422 589 3489 Ascaniusque
606 3437 698 3475 comes
716 3420 818 3476 eastris
835 3422 961 3475 statuere
978 3420 1138 3480 cruentum„
1224 3429 1271 3464 aa

383 3494 522 3549 Alternus
539 3496 622 3566 ionga
640 3498 786 3555 nitentem
805 3497 930 3570 cuspide
947 3510 1078 3567 gmsaua

370 3565 478 3633 Emit
497 3573 530 3624 et
545 3570 676 3633 infracta
692 3576 832 3635 luctatm
849 3575 1004 3635 arundine
1017 3569 1123 3629 telum
