3242 4159
394 524 442 573 156
630 518 1023 571 P.VERG1L1MARON18

392 601 456 656 Non
473 603 550 658 licuit
567 600 679 657 thalami
697 601 840 669 expertem
857 599 917 653 sine
934 598 1051 654 crimine
1068 600 1156 658 vitam
1212 617 1244 658 sat

394 679 509 747 Degere,
527 696 604 734 more
621 678 705 741 ferae,
723 676 786 730 talis
804 693 856 729 nec
874 678 990 744 tangere
1007 681 1102 734 ouras!

393 754 420 809 N
421 771 456 809 on
474 760 581 810 servata
598 755 674 820 fides,
694 752 780 806 cineri
796 752 933 821 promissa
951 753 1087 822 Sychaeo!

392 830 495 885 'lautos
512 832 559 886 illa
576 848 625 885 suo
642 828 788 897 rumpebat
808 832 921 899 pectore
938 834 1060 899 questus.

428 910 538 963 Aeneas
556 909 628 964 celsa
644 907 673 960 in
690 908 783 976 puppi,
802 908 857 960 iam
875 911 967 962 certus
984 908 1078 978 eundi,

392 984 531 1054 Carpebat
549 1002 663 1051 somnos,
682 984 766 1037 rebus
782 977 839 1037 iam
857 984 912 1058 ¹rite
929 985 1039 1054 paratis
1212 1002 1246 1042 stt
1287 971 1289 1020 ⁴

392 1058 466 1115 Huic
484 1080 513 1115 se
530 1062 618 1115 forma
636 1061 683 1115 dei
700 1061 778 1114 voltu
799 1061 943 1115 redeuntis
960 1061 1059 1115 eodem
1168 1093 1172 1100 ι

392 1135 501 1192 Obtulit
518 1138 547 1191 in
564 1140 673 1206 somnis,
690 1154 841 1206 rursusque
859 1138 901 1191 ita
916 1137 977 1191 visa
992 1154 1104 1193 monere
1122 1142 1175 1208 est,

392 1212 492 1268 Omnia
509 1215 646 1268 Mercurio
665 1213 767 1282 similis,
786 1230 936 1282 recensque
951 1214 1130 1285 coloremque

392 1288 430 1344 Iit
446 1292 528 1345 crinis
545 1292 628 1346 flavos
647 1297 676 1347 et
693 1291 817 1347 membra
835 1291 935 1346 decora
951 1292 1076 1346 iuventa:

391 1365 466 1421 Nate
483 1369 543 1436 dea,
560 1373 641 1438 potes
657 1370 709 1423 hoc
727 1368 779 1422 sub
797 1385 863 1423 casu
881 1368 982 1421 ducere'
993 1379 1116 1436 somnos,
1212 1384 1247 1425 aar

392 1441 419 1494 N
420 1459 457 1508 ec
476 1461 546 1512 quae
563 1449 593 1499 te
610 1447 711 1499 circum
730 1448 805 1499 stent
823 1444 924 1498 deinde
941 1443 1071 1513 pericula,
1088 1445 1187 1514 cernis,
1288 1455 1289 1464 ¹

392 1518 519 1588 Demens,
536 1538 586 1575 neo
605 1522 743 1592 Zephyros
761 1521 841 1575 audis
859 1522 964 1591 spirare
981 1519 1134 1578 scomdosl

392 1595 445 1648 Illa
463 1595 540 1650 dolos
558 1597 704 1667 dirumque
721 1598 798 1653 nefas
816 1598 845 1650 in
863 1600 975 1667 pectore
992 1599 1092 1663 versat,

392 1670 476 1726 (terta
493 1674 568 1740 mori,
587 1674 717 1742 varioque
734 1674 838 1727 irarum
856 1674 971 1727 fluctuat
989 1675 1075 1727 aestu

391 1746 418 1801 N
419 1764 454 1801 on
465 1749 537 1817 iugis
548 1750 613 1804 hinc
624 1767 763 1819 praeceps,
775 1750 842 1804 dum
856 1750 1038 1820 praecipitare
1048 1752 1190 1818 potestas?
1212 1765 1246 1805 aa

391 1823 452 1878 Iam
470 1843 546 1879 mare
563 1826 670 1880 turbari
688 1826 821 1893 trabibus,
841 1842 991 1895 saevasque
1007 1824 1116 1880 ridebis

391 1900 540 1963 Gonluoere
557 1904 637 1970 faces,
656 1903 711 1956 iam
728 1904 836 1958 fervere
854 1903 937 1956 litora
954 1902 1079 1970 flammis,
1132 1964 1134 1968 ¹

390 1975 421 2029 Si
438 1981 467 2030 te
484 1978 526 2031 his
544 1979 669 2046 attigerit
686 1979 769 2032 terris
788 1979 900 2033 Aurora
917 1980 1078 2032 morantem.

390 2052 464 2106 Heia
481 2069 539 2121 ago,
557 2071 655 2123 rumpe
672 2070 771 2108 moras.
808 2053 924 2107 Varium
942 2057 972 2108 et
988 2053 1123 2109 mutabile
1140 2070 1246 2124 semper

390 2128 509 2183 Femina.
547 2130 592 2184 Sic
609 2131 683 2183 satus
700 2130 774 2184 nocti
792 2147 822 2185 se
840 2131 978 2185 inmiscuit
995 2134 1080 2184 atrae.
1210 2145 1245 2186 aa

425 2204 494 2257 Tum
511 2221 577 2259 vero
595 2208 712 2273 Aeneas,
731 2207 831 2261 subitis
852 2208 1000 2261 exterritus
1017 2205 1132 2276 umbris,

390 2280 543 2350 corripite
562 2298 655 2336 somno
674 2299 771 2352 eorpus
790 2283 933 2352 sociosque
950 2283 1064 2352 fatigat;

389 2357 559 2427 Praecipites
576 2359 695 2427 viorilate
714 2360 773 2425 viri,
793 2363 822 2413 et
841 2359 975 2413 considite
992 2358 1136 2425 transtris;

389 2432 492 2489 Solvite
509 2436 571 2490 vela
588 2436 643 2490 citi.
680 2435 754 2489 Deus
773 2436 886 2490 aethere
905 2436 1004 2489 missus
1021 2434 1057 2487 ab
1073 2434 1132 2489 alto

389 2509 534 2572 Festinare
551 2513 644 2580 fugam
661 2516 805 2579 tortosque
822 2511 946 2566 incidere
965 2510 1038 2564 funis
1212 2524 1246 2563 sis

390 2585 460 2640 Ecce
478 2588 577 2641 iterum
596 2588 726 2642 stimulat.
764 2588 911 2656 Sequimur
929 2591 966 2655 te,
984 2589 1077 2639 sancte
1095 2585 1219 2651 deorum,

390 2660 519 2729 Quisquis
538 2680 574 2728 es,
592 2665 752 2732 inperioque
770 2664 872 2718 iterum
888 2679 1015 2732 paremus
1033 2666 1154 2723 ovantes

389 2736 476 2790 Adsis
494 2754 510 2790 o
527 2738 704 2807 placidusque
722 2741 804 2806 iuves,
825 2743 854 2793 et
872 2740 965 2793 sidera
981 2738 1056 2793 caelo

389 2812 497 2866 Dextra
513 2812 593 2867 feras.
630 2814 717 2882 Dixit,
737 2816 890 2883 vaginaque
910 2815 991 2883 eripit
1009 2830 1103 2868 ensem

389 2888 569 2957 Fulmineum,
588 2890 741 2959 strictoque
758 2891 824 2945 ierit
843 2891 995 2945 retinacula
1011 2892 1092 2945 ferro.
1211 2902 1247 2943 ssa

390 2965 469 3019 Idem
487 2966 574 3020 omnis
592 2967 672 3020 simul
690 2967 773 3021 ardor
791 2967 883 3035 habet,
903 2968 1069 3038 rapiuntque
1086 2968 1227 3035 ruuntque
1232 2985 1240 3030 ;

389 3040 483 3096 Litora
501 3042 663 3108 deseruere;
680 3043 750 3098 latet
763 3032 819 3097 ’sub
836 3044 969 3097 classibus
986 3059 1106 3113 aequor;
1280 3042 1282 3048 ’

389 3117 494 3172 Adnixi
510 3122 640 3187 torquent
659 3136 769 3189 spumas
787 3122 817 3173 et
834 3120 943 3174 caerula
961 3124 1085 3173 verrunt.

423 3193 460 3248 m
477 3194 532 3247 iam
548 3195 637 3264 prima
654 3212 723 3250 novo
742 3195 889 3264 spargebat
907 3196 1010 3251 lumine
1027 3199 1118 3251 terras

388 3268 499 3324 Tithoni
517 3287 641 3325 croceum
660 3271 787 3340 linquens
807 3274 917 3326 Aurora
934 3271 1031 3326 cubile.
1209 3287 1246 3327 sse

388 3344 495 3412 Regina
512 3362 528 3399 e
546 3347 662 3415 speculis
679 3351 712 3401 ut
728 3347 848 3415 primum
865 3348 1005 3403 albescere
1022 3348 1113 3402 lucem

386 3419 463 3482 Vidit
480 3424 511 3476 et
528 3423 659 3495 aequatis
675 3423 794 3479 classem
809 3424 962 3493 procedere
976 3424 1056 3490 uelis,

362 3491 527 3570 Litoraque
547 3506 579 3558 et
597 3520 702 3561 vacuos
722 3500 814 3557 sensit
832 3500 895 3555 sine
910 3499 1020 3564 remige
1032 3499 1145 3563 psam„

351 3568 476 3643 Totque
495 3584 669 3653 quaterque
686 3598 779 3638 manu
795 3582 903 3651 peetus
918 3585 1058 3644 parm&
1072 3568 1211 3619 mmm
