3242 4159
389 545 436 591 130
622 540 652 588 Ρ.
670 538 825 587 VERGILI
842 537 1009 586 MARONIS

389 621 516 675 Tendunt
534 620 595 673 vela
612 620 695 684 Noti3
712 621 833 687 fugimus
850 618 1041 688 spumantibus
1058 620 1151 688 undis,

390 698 450 761 Qua
467 714 575 750 cursum
594 701 745 764 ventusque
762 696 985 765 gubernatorque
1001 694 1127 751 vocabat

391 775 450 827 Iam
469 773 558 826 medio
577 772 692 841 adparet
710 772 796 825 fluctu
815 788 959 825 nemorosa
977 772 1132 841 Zacynthos
1212 787 1245 828 ars

390 849 601 920 Dulichiumque
620 849 756 917 Sameque
774 852 803 902 et
822 848 933 902 Neritos
951 847 1038 902 ardua
1055 849 1139 904 saxis.

390 925 543 992 Effugimus
562 925 684 994 scopulos
704 924 824 990 Ithacae,
843 924 955 978 Laertia
972 940 1066 993 regna,

390 1000 427 1055 Ilt
445 1005 548 1054 terram
567 1000 690 1054 altricem
709 1002 782 1055 saevi
801 1017 976 1054 exsecramur
993 1000 1078 1055 Ulixi.

391 1077 456 1129 Mox
474 1082 503 1130 ct
522 1076 659 1130 Leucatae
680 1076 803 1130 nimbosa
822 1077 961 1130 cacumina
979 1077 1080 1130 montis
1237 1105 1241 1112 ·

390 1152 427 1206 Et
443 1152 606 1206 formidatus
623 1154 713 1206 nautis
731 1154 855 1222 aperitur
874 1151 983 1221 Apollo.
1062 1149 1064 1153 ’
1211 1169 1244 1208 aa

391 1229 472 1282 Hunc
489 1230 609 1297 petimus
627 1229 693 1283 fessi
710 1234 740 1284 et
756 1246 857 1298 parvae
875 1227 1046 1282 succedimus
1063 1228 1127 1283 urbi
1135 1248 1143 1293 ;

390 1307 501 1359 Ancora
519 1306 554 1360 de
572 1323 654 1375 prora
671 1307 778 1374 iacitur,
796 1308 873 1359 stant
890 1305 972 1358 litore
989 1321 1108 1380 puppes..

426 1383 500 1450 Ergo
518 1383 658 1451 insperata
675 1384 788 1436 tandem
806 1380 906 1434 tellure
923 1380 1006 1449 potiti
1130 1377 1136 1384 '

390 1457 608 1525 Lustramurquo
627 1458 686 1512 Iovi
704 1458 830 1525 rotisque
848 1456 1018 1510 incendimus
1035 1470 1106 1525 aras,

391 1535 528 1601 Actiaque
548 1533 638 1586 Iliacis
656 1533 826 1587 celebramus
844 1532 926 1586 litora
943 1532 1024 1585 ludis.
1210 1546 1244 1586 aa

390 1609 526 1663 Exercent
544 1610 648 1677 patrias
665 1609 724 1663 olco
741 1608 853 1662 labente
870 1608 1023 1677 palaestras

390 1684 496 1738 Nudati
515 1686 595 1749 socii3
612 1685 689 1737 iurat
707 1685 824 1738 evasisse
842 1688 886 1737 tot
903 1683 986 1737 urbes

392 1761 533 1830 Argolicas
552 1761 710 1827 mediosque
727 1760 820 1828 lugam
838 1760 960 1813 tenuisse
978 1776 1028 1827 per
1045 1759 1142 1815 hostis.

391 1836 503 1891 interea
520 1854 646 1906 magnum
665 1838 705 1890 sol
724 1836 944 1891 circumvolvitur
961 1851 1070 1902 annum,

391 1912 427 1966 Iit
445 1914 566 1980 glacialis
583 1915 690 1983 hiemps
709 1912 883 1982 aquilonibus
900 1915 1011 1980 asperat
1027 1911 1125 1966 undas
1211 1928 1246 1967 ass

392 1992 466 2042 Acro
483 2006 549 2042 cavo
567 1990 690 2057 elipeum,
710 1990 801 2057 magni
819 1993 960 2056 gestamen
980 1987 1110 2057 Abantis,

392 2064 520 2123 Postibus
539 2066 662 2120 adversis
680 2067 741 2134 ligo,
760 2071 788 2119 et
806 2082 865 2118 rem
882 2064 1003 2118 carmine
1021 2064 1111 2132 signo:

392 2143 508 2195 Asnaus
527 2157 603 2195 asae
623 2157 660 2195 nn
673 2157 783 2195 nnuma
801 2155 966 2194 mereamus
984 2154 1073 2194 sassa

392 2217 528 2284 Linquere
547 2222 606 2270 turn
624 2223 720 2286 portus
737 2218 817 2271 iubeo
837 2221 866 2270 et
884 2217 1025 2271 considere
1042 2217 1181 2272 trarrstsis

392 2293 525 2347 Certatim
544 2294 608 2347 socii
626 2295 728 2347 feriunt
745 2310 821 2347 mare
840 2296 869 2346 et
886 2308 1006 2361 aequora
1023 2297 1145 2348 verrunt
1211 2310 1247 2348 sse

392 2369 520 2423 Protinus
538 2372 625 2424 aerias
644 2371 796 2424 Phaeacum
815 2369 1007 2423 abscondimus
1025 2385 1110 2439 aroes,

391 2445 539 2516 Litoraque
559 2448 634 2517 Epiri
651 2447 768 2515 legimus
786 2450 925 2515 portuque
943 2444 1064 2499 subimus

391 2522 511 2576 Chaonio
529 2528 558 2578 et
574 2524 674 2578 celsam
693 2523 824 2577 Buthroti
841 2522 995 2575 accedimus
1012 2522 1117 2575 urbem

426 2599 479 2652 llic
496 2600 662 2653 incredibilis
681 2616 773 2652 rerum
791 2599 864 2651 fama
882 2601 997 2666 occupat
1014 2598 1089 2652 auris

392 2674 547 2728 Priamiden
567 2676 704 2729 llelcnum
723 2675 820 2729 Graias
839 2691 955 2743 regnare
972 2690 1023 2742 per
1039 2674 1131 2743 urbes,
1210 2692 1246 2730 aa

391 2750 523 2817 Coniugio
543 2752 678 2804 Aeacidae
698 2750 796 2819 Pyrrhi
815 2750 984 2820 sceptrisque
1002 2750 1129 2819 potitum,

392 2827 429 2879 st
445 2827 534 2894 patrio
554 2827 764 2880 Andromachen
781 2828 883 2881 iterum
901 2827 1014 2881 cessisse
1032 2827 1139 2881 marito.

392 2902 527 2972 Obstipui,
545 2903 667 2971 miroque
685 2903 824 2957 incensum
841 2905 937 2972 pectus
955 2918 1053 2970 amore,

392 2978 562 3047 Compellare
580 2979 668 3031 virum
687 2984 716 3033 et
733 2996 811 3033 casus
829 2995 992 3047 cognoscere
1009 2980 1110 3032 tantos

392 3056 555 3124 Progredior
573 3061 662 3125 portu,
681 3056 774 3109 classis
792 3059 822 3109 ct
839 3055 920 3108 litora
937 3054 1077 3123 linquens;
1209 3071 1247 3111 ooo

392 3132 534 3186 Sollemnis
551 3149 613 3186 cum
632 3132 702 3187 forte
721 3133 805 3201 dapes
824 3135 852 3185 et
869 3132 961 3185 tristia
978 3130 1050 3185 dona

392 3210 467 3262 Ante
484 3208 581 3262 urbem
598 3210 626 3261 in
644 3209 704 3263 luco
722 3210 783 3262 falsi
802 3208 948 3262 Simoentis
966 3207 1002 3260 ad
1019 3209 1123 3260 undam

391 3282 508 3336 Libabat
526 3284 610 3338 cineri
629 3284 821 3338 Andromache
840 3284 982 3351 Manisque
1000 3283 1116 3337 vocabat

392 3360 560 3413 Hectoreum
578 3361 614 3414 ad
632 3361 775 3426 tumulum,
792 3360 873 3413 viridi
890 3375 972 3426 quem
989 3360 1110 3429 caespite
1126 3358 1239 3414 manem

377 3435 419 3486 Et
430 3437 567 3507 geminos,
588 3456 715 3493 caussam
733 3437 865 3502 lacrimis,
882 3439 1040 3489 sacrarent
1054 3451 1126 3486 aras„
1208 3449 1246 3490 sss

364 3505 406 3561 Ut
422 3528 471 3565 me
490 3520 645 3587 conspexit
666 3517 834 3574 venientem
853 3517 885 3568 et
899 3511 988 3566 'lroia
1003 3509 1110 3561 <areum

344 3583 440 3641 Arma
459 3606 569 3649 amens
591 3597 680 3670 vidit,
700 3597 820 3668 magnis
840 3587 989 3649 exterrita
1001 3578 1142 3637 mimi*
