3242 4159
617 716 646 765 r.
664 715 821 764 VERGILI
838 715 1005 764 mancius
1054 703 1063 728 '·

588 871 1053 948 AENEIDOS

639 1057 757 1111 traua
782 1056 988 1112 suouuous
1093 1027 1096 1033 ’

769 1235 870 1264 ,4-
896 1221 900 1230 .

385 1368 567 1421 cornutam
585 1380 686 1434 omnes,
704 1368 861 1437 intentique
879 1384 927 1422 ora
945 1365 1086 1421 tenebant.

386 1441 456 1494 Inde
474 1444 535 1493 toro
552 1443 632 1507 pater
651 1443 760 1496 Aeneas
778 1446 817 1497 sie
835 1461 912 1497 orsus
929 1442 964 1495 ab
982 1442 1051 1495 ulto:

421 1516 576 1583 Infandum,
596 1515 708 1585 Regina,
727 1519 804 1572 iubes
823 1535 955 1573 renovare
973 1517 1106 1586 dolorem,
1176 1533 1179 1539 ·

384 1593 514 1646 Troianas
533 1595 565 1645 ut
584 1608 649 1661 opes
668 1598 697 1647 ct
715 1594 889 1649 lamentabile
908 1610 1023 1661 regnum

384 1668 513 1723 Erucrint
532 1668 635 1734 Danai;
654 1687 779 1740 quaeque
797 1673 856 1740 ipse
874 1670 1026 1724 miserrima
1044 1669 1110 1736 ridi,
1238 1684 1249 1721 5

386 1746 420 1800 nt
438 1762 554 1813 quorum
573 1763 637 1814 pars
656 1764 756 1815 magna
773 1748 819 1801 fui.
858 1748 925 1812 Quis
943 1746 1009 1799 talia
1027 1744 1109 1797 fando

383 1820 585 1889 Myrmidonum
606 1822 776 1891 Dolopumve
795 1828 843 1876 aut
863 1823 925 1876 duri
944 1822 1022 1874 miles
1040 1820 1116 1873 Ulixi

382 1893 528 1965 Temperet
545 1914 562 1950 a
580 1898 717 1954 lacrimis?
737 1903 765 1954 ct
782 1900 836 1952 iam
853 1915 908 1951 nox
926 1896 1040 1950 humida
1058 1896 1132 1949 caelo

383 1973 556 2043 Praecipitat,
575 1975 750 2047 suadentque
769 1976 895 2030 cadentia
915 1975 1006 2032 sidera
1024 1989 1138 2027 somnos
1234 2005 1256 2031 a·

382 2048 438 2103 Sed
456 2050 479 2102 si
498 2053 592 2103 tantus
610 2068 688 2105 amor
706 2070 784 2107 casus
802 2067 966 2120 cognoscere
984 2055 1092 2103 nostros
1224 2043 1254 2102 10⁹

382 2124 419 2178 Et
436 2125 560 2179 breviter
579 2127 673 2181 Troiae
692 2146 849 2196 supremum
868 2127 964 2180 audire
983 2125 1113 2189 laborem,

383 2202 557 2269 Quamquam
569 2204 674 2256 animus
686 2205 840 2257 meminisse
852 2204 954 2271 horret,
965 2202 1098 2269 luctuque
1110 2198 1223 2268 refugit,

382 2276 526 2347 Incipiam.
896 2307 901 2318 ·

558 2353 650 2407 Tracti
669 2353 740 2407 bello
759 2354 879 2421 latisque
896 2353 999 2422 repulsi

382 2427 521 2484 Ductores
540 2430 673 2498 Danaum,
691 2434 734 2484 tot
751 2431 805 2483 iam
823 2429 979 2484 labentibus
997 2432 1082 2498 annis,

382 2505 477 2559 Instar
494 2507 593 2558 montis
613 2522 713 2573 equum
733 2506 825 2559 divina
845 2506 965 2560 Palladis
983 2509 1044 2559 arto
1221 2517 1246 2556 1⁵

382 2581 547 2647 Aedificant,
570 2584 699 2648 sectaque
716 2583 847 2637 intexunt
865 2583 955 2637 abiete
973 2585 1077 2646 costam

382 2653 486 2709 Votum
503 2673 553 2724 pro
573 2657 666 2709 reditu
685 2658 829 2725 simulant;
847 2676 880 2713 ea
897 2660 970 2712 falna
987 2660 1109 2726 vagatur.

382 2731 447 2786 Huc
464 2732 570 2785 delecta
588 2732 675 2784 virum
697 2734 788 2787 sortiti
808 2752 923 2804 corpora
940 2734 1036 2787 furtim

383 2808 532 2863 Includunt
550 2825 629 2862 caeco
647 2808 736 2878 lateri,
757 2812 926 2881 penitusque
945 2826 1074 2864 cavemas

383 2885 508 2954 Ingentis
526 2888 690 2954 uterumque
711 2892 817 2940 arinato
837 2888 925 2941 milite
945 2884 1081 2954 conplent.

418 2962 468 3016 Est
485 2961 513 3015 in
532 2966 679 3030 conspectu
699 2962 833 3032 Tenedos,
853 2964 994 3017 notissima
1010 2962 1084 3015 falna

385 3038 484 3102 Insula,
503 3039 579 3093 dives
597 3056 686 3107 opum,
709 3040 809 3093 Priami
831 3039 897 3092 dum
917 3056 1002 3108 regua
1018 3037 1175 3105 manebant,

384 3114 463 3169 Nunc
481 3119 589 3170 tantum
608 3117 683 3169 sinus
703 3119 732 3170 et
750 3116 832 3170 statio
851 3116 923 3169 malo
943 3116 1001 3169 fida
1018 3114 1131 3180 earinis3

385 3189 448 3244 Huc
466 3209 495 3245 sc
513 3193 637 3260 provecti
655 3192 765 3246 desorto
783 3191 813 3245 in
830 3192 913 3245 litore
933 3192 1061 3246 condunt.

384 3265 410 3318 N
412 3282 442 3319 os
460 3267 560 3321 abiisse
578 3270 631 3322 rati
650 3272 679 3322 et
697 3272 779 3322 rento
796 3268 910 3337 petiisse
930 3268 1064 3335 Mycenas
1227 3309 1249 3347 ᾗ

379 3340 454 3409 Ergo
473 3344 561 3397 omnis
578 3344 660 3415 longo
679 3345 761 3401 soluit
779 3362 809 3399 se
827 3344 946 3399 Teucria
959 3344 1047 3396 luctu

373 3414 539 3473 '’anduntur
553 3428 661 3491 portae
670 3446 677 3492 ;
694 3425 777 3480 iuvat
794 3424 840 3478 ire
858 3426 889 3477 et
907 3420 1014 3473 Dorica
1030 3418 1124 3468 esta
