3242 4159
389 530 436 579 884
626 525 658 579 P.
675 525 829 577 VERGILI
845 528 1011 577 MARONIS

389 609 446 665 Olli
463 605 604 677 sublimes,
622 606 706 663 armis
722 606 876 676 animisque
893 606 998 675 reiecti,

390 686 446 740 Hic
462 683 555 754 gladio
571 682 670 751 fideus,
687 682 732 737 hie
748 698 813 738 seer
830 686 861 738 et
877 682 982 736 arduus
997 666 1097 761 husto,
1248 702 1250 707 ·

389 761 539 817 Adsistuut
556 762 654 815 eontra
669 759 819 814 eertumiue
837 758 937 811 Mortis
954 758 1053 814 anheli.
1211 775 1249 821 m

424 836 560 891 Iunonem
578 835 684 891 interea
703 834 764 890 Rex
782 833 979 905 omnipotentis
997 834 1108 906 Olympi

390 909 569 982 Adloquitur,
587 911 661 965 fulva
677 927 785 980 pugnus
802 910 838 965 de
855 911 930 964 nube
948 913 1090 978 tuentem3

389 987 466 1053 Quae
482 989 538 1042 ism
555 987 619 1042 finis
636 988 698 1054 erit,
715 986 850 1043 coniunxi
870 986 937 1055 quid
955 985 1076 1056 denique
1093 992 1202 1047 restat?

388 1064 545 1133 Indigetem
563 1065 679 1118 Aenean
696 1062 751 1117 seis
766 1062 836 1131 ipsu,
854 1066 887 1118 et
902 1061 972 1116 scire
989 1062 1096 1133 soteris,

388 1139 492 1195 Deberi
509 1139 591 1207 eaelo,
610 1139 730 1209 setisque
747 1138 784 1194 ud
801 1138 894 1193 sidero
911 1137 978 1193 tolli
1210 1157 1247 1198 res

388 1215 462 1281 Quid
480 1215 582 1272 struis?
601 1218 651 1269 eut
667 1232 723 1286 que.
740 1231 789 1285 spe
806 1214 931 1283 gelidis·
923 1231 952 1268 m
969 1213 1091 1269 nubibus
1106 1216 1219 1273 lueresi

386 1289 525 1345 Mortalin’
544 1290 638 1346 decuit
656 1292 753 1347 violari
770 1291 883 1349 voluere
901 1290 1042 1346 dirumt

386 1367 448 1422 Aut
466 1367 663 1436 ensem-quid
679 1367 753 1423 enim
770 1366 877 1421 sinete
895 1366 1014 1421 Iutuma
1029 1366 1188 1425 valereti—

386 1439 521 1510 iireptum
538 1442 619 1497 reddi
638 1443 736 1510 Turno,
749 1446 779 1498 ot
796 1442 853 1497 vim
869 1458 992 1497 creseere
1008 1442 1107 1499 vietist

386 1516 489 1572 Desine
500 1518 555 1572 iem
566 1518 688 1589 taudem,
698 1517 884 1588 precibusque
895 1518 1036 1574 inflectere
1047 1522 1166 1587 uostris3
1207 1539 1246 1579 sou

385 1590 413 1646 N
414 1610 445 1648 ee
462 1598 492 1649 te
508 1597 605 1650 tantus
621 1596 688 1651 edet
704 1595 818 1650 tacitam
836 1594 923 1662 dolor,
941 1597 970 1648 et
987 1592 1055 1649 mihi
1072 1610 1157 1651 euree

385 1668 473 1739 Saepe
489 1673 538 1725 tuo
555 1670 628 1725 dulei
644 1671 741 1727 tristes
757 1686 793 1725 ex
810 1686 859 1724 ore
873 1674 1021 1725 reomseut

384 1742 508 1800 Ventum
527 1746 564 1801 od
580 1764 737 1817 supremum
754 1750 806 1802 est.
842 1746 936 1801 serris
952 1746 1060 1814 agitare
1077 1750 1225 1806 retundis

384 1818 517 1875 Troianos
534 1823 657 1892 potuisti,
677 1823 821 1880 iufuudum
839 1821 989 1877 eoeendere
1007 1821 1137 1893 belluim·

383 1894 547 1953 Deformore
557 1898 678 1968 domum,
689 1903 720 1954 et
729 1900 806 1954 luotu
817 1898 934 1953 miseere
945 1898 1124 1966 hymenaeos:
1206 1914 1244 1956 sos

383 1970 511 2028 Ulterius
529 1976 668 2044 temptare
685 1978 758 2031 reto.
800 1975 846 2030 Sie
866 1974 995 2043 Iuppiter
1013 1990 1108 2042 orsus;

383 2045 429 2103 Sic
448 2048 501 2103 deu
521 2050 656 2105 submisso
674 2054 771 2106 eontra
789 2050 919 2106 Saturnia
938 2048 1055 2105 voltur.

383 2122 444 2178 Iste
460 2124 572 2193 quidem
593 2126 660 2193 quio
674 2130 741 2180 noto
759 2126 827 2180 mihi
844 2130 901 2193 tua,
922 2141 1029 2194 magne,
1047 2115 1185 2198 voluntas,

383 2197 518 2270 Iuppiter,
536 2202 567 2257 et
586 2199 709 2258 Turnum
727 2203 758 2257 et
776 2204 868 2257 terras
884 2202 972 2256 inrito
986 2200 1103 2270 reliqum

383 2274 443 2331 Neo
458 2279 491 2332 tu
511 2278 649 2333 moueris
667 2278 752 2333 solem
770 2295 843 2333 nuuc
863 2278 930 2333 sede
948 2276 1057 2333 rideres
1203 2295 1242 2335 mo

382 2349 474 2421 Digna
492 2353 604 2423 indigno
623 2354 690 2425 peti,
713 2354 763 2409 sed
781 2354 899 2408 flammis
917 2354 1006 2409 cinote
1026 2353 1107 2408 sub
1097 2370 1159 2423 ipsa
1190 2397 1193 2403 .

382 2426 492 2483 Starem
513 2431 571 2486 aeie
591 2430 785 2499 traheremque
802 2429 912 2484 inimieo
929 2430 958 2484 in
976 2428 1080 2498 proelio
1099 2430 1228 2488 Teucros.

383 2502 528 2559 Iutmrmm
546 2505 653 2574 misero,
673 2506 772 2575 fateor,
791 2522 951 2562 succurrere
969 2505 1050 2560 fratri

382 2576 468 2647 euasi,
490 2582 519 2635 et
538 2596 590 2649 pro
607 2582 665 2637 rito
681 2583 785 2638 maiore
802 2582 905 2639 audere
922 2580 1036 2651 probari
1045 2601 1054 2649 ;

381 2651 445 2708 Non
461 2657 495 2709 ut
511 2655 569 2712 teia
585 2659 686 2724 tamen,
704 2675 758 2713 nou
774 2661 807 2714 ut
824 2657 1005 2713 eontenderet
1021 2672 1131 2724 oreum5
1201 2673 1239 2713 sus

382 2729 490 2784 Adiuro
508 2731 596 2799 Stygii
613 2737 698 2802 eaput
714 2734 876 2804 inploeobile
891 2733 982 2801 fontis

380 2804 444 2860 Uno
461 2807 622 2877 superstitio
640 2809 749 2877 superis
766 2826 838 2878 quoe
854 2810 967 2865 reddita
983 2808 1066 2865 diris.

381 2880 418 2935 Et
435 2898 508 2937 nuno
525 2882 593 2938 oedo
611 2883 747 2953 equidem,
765 2901 926 2954 pugnasque
944 2900 1028 2939 exoso
1042 2882 1180 2954 relinquo.

381 2956 457 3012 Illud
474 2962 511 3028 te,
529 2960 604 3014 nullo
620 2960 671 3016 fati
689 2960 764 3029 quod
781 2959 843 3029 lege
860 2963 978 3029 tenetur,

381 3032 436 3087 Pro
454 3034 534 3090 Latio
552 3036 684 3105 obtestor,
702 3054 753 3105 pro
770 3038 916 3092 maiestate
933 3040 1058 3093 tuorum:
1198 3051 1237 3094 ss)

381 3107 476 3162 (ium'
467 3126 523 3165 rum
541 3112 682 3167 eonuubiis
698 3128 794 3180 paoem
811 3112 944 3181 felicibus,
962 3115 1030 3181 esto,

381 3183 550 3256 Conpouent,
569 3204 631 3242 oum
649 3188 704 3243 iam
722 3188 798 3256 leges
815 3191 845 3243 et
861 3187 974 3243 foedere
990 3188 1114 3267 iuugeut,

380 3259 426 3315 Ne
443 3264 525 3317 retus
542 3264 686 3332 indigenas
703 3281 802 3319 nomen
819 3268 927 3335 mutare
945 3263 1083 3355 Latinos,

363 3333 434 3394 Neu
453 3338 541 3398 Troos
558 3339 622 3399 fieri
639 3340 738 3400 iubeas
755 3341 927 3411 Teucrosque
944 3341 1042 3409 roeeri,

347 3410 417 3471 Aac
436 3432 535 3478 rocem
555 3426 673 3481 mutare
691 3422 776 3493 viros,
794 3422 848 3477 eut
862 3419 1104 3474 uertereuestem
1198 3433 1240 3472 ιι

345 3480 383 3545 1⁰5
395 3492 535 3575 batim,
557 3505 621 3563 sint
642 3504 759 3564 Albani
775 3517 837 3577 per
854 3493 971 3555 suomi&
984 3504 1081 3554 1022&

345 3546 535 3641 &Romana
553 3590 672 3659 potens
696 3584 782 3643 Italo
802 3577 924 3636 virtut*
937 3576 1087 3638 ΨΜ)
