<?xml version="1.0" encoding="UTF-8"?>
<!DOCTYPE html PUBLIC "-//W3C//DTD XHTML 1.0 Transitional//EN"
    "http://www.w3.org/TR/xhtml1/DTD/xhtml1-transitional.dtd">
<html xmlns="http://www.w3.org/1999/xhtml" xml:lang="en" lang="en">
 <head>
  <title>
</title>
<meta http-equiv="Content-Type" content="text/html;charset=utf-8" />
  <meta name='ocr-system' content='tesseract 3.04.00' />
  <meta name='ocr-capabilities' content='ocr_page ocr_carea ocr_par ocr_line ocrx_word'/>
</head>
<body>
  <div class='ocr_page' id='page_1' title='image "./publivergilimar00conigoog/publivergilimar00conigoog_0142.png"; bbox 0 0 3242 4159; ppageno 0'>
   <div class='ocr_carea' id='block_1_1' title="bbox 366 519 967 572">
    <p class='ocr_par' dir='ltr' id='par_1_1' title="bbox 366 519 967 572">
     <span class='ocr_line' id='line_1_1' title="bbox 366 519 967 572; baseline 0 -2"><span class='ocrx_word' id='word_1_1' title='bbox 366 520 414 571; x_wconf 76' lang='lat'><strong>122</strong></span> <span class='ocrx_word' id='word_1_2' title='bbox 629 519 811 568; x_wconf 76' lang='lat' dir='ltr'>AENEIDOS</span> <span class='ocrx_word' id='word_1_3' title='bbox 834 520 903 571; x_wconf 85' lang='lat' dir='ltr'><strong>LIB.</strong></span> <span class='ocrx_word' id='word_1_4' title='bbox 929 522 967 572; x_wconf 85' lang='grc' dir='ltr'><strong>ΙΙ.</strong></span> 
     </span>
    </p>
   </div>
   <div class='ocr_carea' id='block_1_2' title="bbox 366 592 1230 1891">
    <p class='ocr_par' dir='ltr' id='par_1_2' title="bbox 366 592 1126 749">
     <span class='ocr_line' id='line_1_2' title="bbox 366 592 1126 668; baseline 0.008 -14"><span class='ocrx_word' id='word_1_5' title='bbox 366 598 423 654; x_wconf 84' lang='lat' dir='ltr'><strong>Sed</strong></span> <span class='ocrx_word' id='word_1_6' title='bbox 439 617 484 655; x_wconf 90' lang='lat' dir='ltr'><strong>me</strong></span> <span class='ocrx_word' id='word_1_7' title='bbox 501 616 600 668; x_wconf 84' lang='lat' dir='ltr'><strong>magna</strong></span> <span class='ocrx_word' id='word_1_8' title='bbox 618 600 701 654; x_wconf 91' lang='lat' dir='ltr'><strong>deum</strong></span> <span class='ocrx_word' id='word_1_9' title='bbox 720 600 854 655; x_wconf 81' lang='lat' dir='ltr'>Genetrix</span> <span class='ocrx_word' id='word_1_10' title='bbox 872 602 914 655; x_wconf 92' lang='lat' dir='ltr'><strong>his</strong></span> <span class='ocrx_word' id='word_1_11' title='bbox 932 602 1041 658; x_wconf 87' lang='lat' dir='ltr'><strong>detinet</strong></span> <span class='ocrx_word' id='word_1_12' title='bbox 1059 592 1126 660; x_wconf 72' lang='lat' dir='ltr'><strong>oris.</strong></span> 
     </span>
     <span class='ocr_line' id='line_1_3' title="bbox 366 675 1105 749; baseline 0.005 -18"><span class='ocrx_word' id='word_1_13' title='bbox 366 676 481 749; x_wconf 78' lang='lat' dir='ltr'><strong>Iamque</strong></span> <span class='ocrx_word' id='word_1_14' title='bbox 498 675 565 743; x_wconf 82' lang='lat' dir='ltr'><strong>vale,</strong></span> <span class='ocrx_word' id='word_1_15' title='bbox 585 679 613 730; x_wconf 86' lang='lat' dir='ltr'><strong>et</strong></span> <span class='ocrx_word' id='word_1_16' title='bbox 632 677 689 730; x_wconf 89' lang='lat' dir='ltr'><strong>nati</strong></span> <span class='ocrx_word' id='word_1_17' title='bbox 708 694 786 731; x_wconf 88' lang='lat' dir='ltr'><strong>serva</strong></span> <span class='ocrx_word' id='word_1_18' title='bbox 804 680 956 733; x_wconf 85' lang='lat' dir='ltr'><strong>eommunis</strong></span> <span class='ocrx_word' id='word_1_19' title='bbox 974 697 1105 735; x_wconf 84' lang='lat' dir='ltr'><strong>amorem.</strong></span> 
     </span>
    </p>

    <p class='ocr_par' dir='ltr' id='par_1_3' title="bbox 366 752 1230 897">
     <span class='ocr_line' id='line_1_4' title="bbox 367 752 1230 819; baseline 0.007 -12"><span class='ocrx_word' id='word_1_20' title='bbox 367 754 445 807; x_wconf 86' lang='lat' dir='ltr'><strong>Haec</strong></span> <span class='ocrx_word' id='word_1_21' title='bbox 456 752 504 806; x_wconf 88' lang='lat' dir='ltr'><strong>ubi</strong></span> <span class='ocrx_word' id='word_1_22' title='bbox 517 753 590 806; x_wconf 90' lang='lat' dir='ltr'><strong>dicta</strong></span> <span class='ocrx_word' id='word_1_23' title='bbox 602 752 688 819; x_wconf 84' lang='lat' dir='ltr'><strong>dedit,</strong></span> <span class='ocrx_word' id='word_1_24' title='bbox 702 753 891 808; x_wconf 78' lang='lat' dir='ltr'><strong>lacrimantem</strong></span> <span class='ocrx_word' id='word_1_25' title='bbox 900 757 930 809; x_wconf 91' lang='lat' dir='ltr'><strong>et</strong></span> <span class='ocrx_word' id='word_1_26' title='bbox 939 757 1027 810; x_wconf 85' lang='lat' dir='ltr'><strong>multa</strong></span> <span class='ocrx_word' id='word_1_27' title='bbox 1036 756 1179 812; x_wconf 80' lang='lat' dir='ltr'><strong>velantem</strong></span> <span class='ocrx_word' id='word_1_28' title='bbox 1193 770 1230 813; x_wconf 75' lang='lat' dir='ltr'><strong>rae</strong></span> 
     </span>
     <span class='ocr_line' id='line_1_5' title="bbox 366 828 1063 897; baseline 0.003 -12"><span class='ocrx_word' id='word_1_29' title='bbox 366 832 464 886; x_wconf 80' lang='lat' dir='ltr'><strong>Dicere</strong></span> <span class='ocrx_word' id='word_1_30' title='bbox 482 829 611 897; x_wconf 88' lang='lat' dir='ltr'><strong>deseruit,</strong></span> <span class='ocrx_word' id='word_1_31' title='bbox 630 828 775 897; x_wconf 79' lang='lat' dir='ltr'><strong>tenuisque</strong></span> <span class='ocrx_word' id='word_1_32' title='bbox 793 832 909 885; x_wconf 75' lang='lat' dir='ltr'><strong>recessit</strong></span> <span class='ocrx_word' id='word_1_33' title='bbox 926 832 955 885; x_wconf 93' lang='lat' dir='ltr'><strong>in</strong></span> <span class='ocrx_word' id='word_1_34' title='bbox 973 836 1063 887; x_wconf 76' lang='lat' dir='ltr'><strong>auras</strong></span> 
     </span>
    </p>

    <p class='ocr_par' dir='ltr' id='par_1_4' title="bbox 367 904 1052 965">
     <span class='ocr_line' id='line_1_6' title="bbox 367 904 1052 965; baseline 0.004 -3"><span class='ocrx_word' id='word_1_35' title='bbox 367 908 421 962; x_wconf 81' lang='lat' dir='ltr'><strong>Ter</strong></span> <span class='ocrx_word' id='word_1_36' title='bbox 438 910 550 960; x_wconf 85' lang='lat' dir='ltr'><strong>cenatus</strong></span> <span class='ocrx_word' id='word_1_37' title='bbox 566 905 605 958; x_wconf 93' lang='lat' dir='ltr'><strong>ibi</strong></span> <span class='ocrx_word' id='word_1_38' title='bbox 622 904 690 959; x_wconf 89' lang='lat' dir='ltr'><strong>colle</strong></span> <span class='ocrx_word' id='word_1_39' title='bbox 708 905 775 959; x_wconf 84' lang='lat' dir='ltr'><strong>dare</strong></span> <span class='ocrx_word' id='word_1_40' title='bbox 792 904 919 961; x_wconf 85' lang='lat' dir='ltr'><strong>bracchia</strong></span> <span class='ocrx_word' id='word_1_41' title='bbox 935 908 1052 965; x_wconf 86' lang='lat' dir='ltr'><strong>circum:</strong></span> 
     </span>
    </p>

    <p class='ocr_par' dir='ltr' id='par_1_5' title="bbox 366 982 1052 1053">
     <span class='ocr_line' id='line_1_7' title="bbox 366 982 1052 1053; baseline 0 -14"><span class='ocrx_word' id='word_1_42' title='bbox 366 986 420 1040; x_wconf 80' lang='lat' dir='ltr'><strong>Ter</strong></span> <span class='ocrx_word' id='word_1_43' title='bbox 435 985 539 1038; x_wconf 83' lang='lat' dir='ltr'><strong>frustra</strong></span> <span class='ocrx_word' id='word_1_44' title='bbox 555 999 706 1051; x_wconf 89' lang='lat' dir='ltr'><strong>eonprensa</strong></span> <span class='ocrx_word' id='word_1_45' title='bbox 723 999 820 1036; x_wconf 86' lang='lat' dir='ltr'><strong>manus</strong></span> <span class='ocrx_word' id='word_1_46' title='bbox 839 982 936 1052; x_wconf 84' lang='lat' dir='ltr'><strong>effugit</strong></span> <span class='ocrx_word' id='word_1_47' title='bbox 953 985 1052 1053; x_wconf 81' lang='lat' dir='ltr'><strong>imago,</strong></span> 
     </span>
    </p>

    <p class='ocr_par' dir='ltr' id='par_1_6' title="bbox 367 1059 1101 1127">
     <span class='ocr_line' id='line_1_8' title="bbox 367 1059 1101 1127; baseline 0 -11"><span class='ocrx_word' id='word_1_48' title='bbox 367 1061 422 1116; x_wconf 88' lang='lat' dir='ltr'><strong>Par</strong></span> <span class='ocrx_word' id='word_1_49' title='bbox 438 1060 543 1114; x_wconf 80' lang='lat' dir='ltr'><strong>levibus</strong></span> <span class='ocrx_word' id='word_1_50' title='bbox 560 1060 650 1114; x_wconf 80' lang='lat' dir='ltr'><strong>ventis</strong></span> <span class='ocrx_word' id='word_1_51' title='bbox 667 1059 826 1127; x_wconf 89' lang='lat' dir='ltr'><strong>volucrique</strong></span> <span class='ocrx_word' id='word_1_52' title='bbox 844 1061 980 1115; x_wconf 86' lang='lat' dir='ltr'><strong>simillima</strong></span> <span class='ocrx_word' id='word_1_53' title='bbox 998 1077 1101 1116; x_wconf 82' lang='lat' dir='ltr'><strong>somne.</strong></span> 
     </span>
    </p>

    <p class='ocr_par' dir='ltr' id='par_1_7' title="bbox 368 1136 1226 1435">
     <span class='ocr_line' id='line_1_9' title="bbox 401 1136 1226 1205; baseline 0.002 -14"><span class='ocrx_word' id='word_1_54' title='bbox 401 1138 445 1191; x_wconf 86' lang='lat' dir='ltr'><strong>Sic</strong></span> <span class='ocrx_word' id='word_1_55' title='bbox 463 1138 573 1191; x_wconf 89' lang='lat' dir='ltr'><strong>demum</strong></span> <span class='ocrx_word' id='word_1_56' title='bbox 592 1136 677 1190; x_wconf 87' lang='lat' dir='ltr'><strong>socios</strong></span> <span class='ocrx_word' id='word_1_57' title='bbox 695 1141 857 1205; x_wconf 86' lang='lat' dir='ltr'><strong>consumpta</strong></span> <span class='ocrx_word' id='word_1_58' title='bbox 873 1141 954 1191; x_wconf 88' lang='lat' dir='ltr'><strong>noete</strong></span> <span class='ocrx_word' id='word_1_59' title='bbox 971 1139 1068 1192; x_wconf 84' lang='lat' dir='ltr'><strong>revise.</strong></span> <span class='ocrx_word' id='word_1_60' title='bbox 1191 1153 1226 1193; x_wconf 71' lang='lat' dir='ltr'><strong>ree</strong></span> 
     </span>
     <span class='ocr_line' id='line_1_10' title="bbox 368 1213 1145 1283; baseline 0 -16"><span class='ocrx_word' id='word_1_61' title='bbox 368 1214 462 1283; x_wconf 85' lang='lat' dir='ltr'><strong>Atque</strong></span> <span class='ocrx_word' id='word_1_62' title='bbox 479 1214 523 1266; x_wconf 91' lang='lat' dir='ltr'><strong>hie</strong></span> <span class='ocrx_word' id='word_1_63' title='bbox 540 1214 680 1282; x_wconf 86' lang='lat' dir='ltr'><strong>ingentem</strong></span> <span class='ocrx_word' id='word_1_64' title='bbox 698 1214 828 1267; x_wconf 85' lang='lat' dir='ltr'><strong>comitum</strong></span> <span class='ocrx_word' id='word_1_65' title='bbox 847 1213 995 1267; x_wconf 82' lang='lat' dir='ltr'><strong>adfluxisse</strong></span> <span class='ocrx_word' id='word_1_66' title='bbox 1011 1230 1145 1268; x_wconf 86' lang='lat' dir='ltr'><strong>neverum</strong></span> 
     </span>
     <span class='ocr_line' id='line_1_11' title="bbox 368 1289 1140 1358; baseline -0.003 -13"><span class='ocrx_word' id='word_1_67' title='bbox 368 1289 481 1345; x_wconf 83' lang='lat' dir='ltr'><strong>Invenio</strong></span> <span class='ocrx_word' id='word_1_68' title='bbox 499 1290 637 1344; x_wconf 85' lang='lat' dir='ltr'><strong>admirans</strong></span> <span class='ocrx_word' id='word_1_69' title='bbox 655 1307 804 1355; x_wconf 81' lang='lat' dir='ltr'><strong>numerum,</strong></span> <span class='ocrx_word' id='word_1_70' title='bbox 822 1293 987 1358; x_wconf 86' lang='lat' dir='ltr'><strong>matresque,</strong></span> <span class='ocrx_word' id='word_1_71' title='bbox 1004 1291 1140 1358; x_wconf 79' lang='lat' dir='ltr'><strong>viresque,</strong></span> 
     </span>
     <span class='ocr_line' id='line_1_12' title="bbox 368 1362 1047 1435; baseline 0 -15"><span class='ocrx_word' id='word_1_72' title='bbox 368 1362 516 1421; x_wconf 81' lang='lat' dir='ltr'><strong>Oolleetam</strong></span> <span class='ocrx_word' id='word_1_73' title='bbox 534 1367 628 1421; x_wconf 84' lang='lat' dir='ltr'><strong>exsilio</strong></span> <span class='ocrx_word' id='word_1_74' title='bbox 645 1366 753 1435; x_wconf 89' lang='lat' dir='ltr'><strong>pubem,</strong></span> <span class='ocrx_word' id='word_1_75' title='bbox 771 1366 927 1420; x_wconf 82' lang='lat' dir='ltr'><strong>miserabile</strong></span> <span class='ocrx_word' id='word_1_76' title='bbox 944 1365 1047 1434; x_wconf 76' lang='lat' dir='ltr'><strong>volgus.</strong></span> 
     </span>
    </p>

    <p class='ocr_par' dir='ltr' id='par_1_8' title="bbox 367 1438 1069 1513">
     <span class='ocr_line' id='line_1_13' title="bbox 367 1438 1069 1513; baseline -0.001 -15"><span class='ocrx_word' id='word_1_77' title='bbox 367 1438 497 1513; x_wconf 85' lang='lat' dir='ltr'><strong>Undique</strong></span> <span class='ocrx_word' id='word_1_78' title='bbox 514 1460 671 1508; x_wconf 87' lang='lat' dir='ltr'><strong>convenere,</strong></span> <span class='ocrx_word' id='word_1_79' title='bbox 689 1442 786 1496; x_wconf 90' lang='lat' dir='ltr'><strong>animis</strong></span> <span class='ocrx_word' id='word_1_80' title='bbox 804 1441 955 1510; x_wconf 90' lang='lat' dir='ltr'><strong>opibusque</strong></span> <span class='ocrx_word' id='word_1_81' title='bbox 971 1441 1069 1511; x_wconf 77' lang='lat' dir='ltr'><strong>parati,</strong></span> 
     </span>
    </p>

    <p class='ocr_par' dir='ltr' id='par_1_9' title="bbox 368 1518 1223 1739">
     <span class='ocr_line' id='line_1_14' title="bbox 368 1518 1223 1588; baseline 0 -15"><span class='ocrx_word' id='word_1_82' title='bbox 368 1519 402 1574; x_wconf 92' lang='lat' dir='ltr'><strong>In</strong></span> <span class='ocrx_word' id='word_1_83' title='bbox 419 1534 604 1588; x_wconf 87' lang='lat' dir='ltr'><strong>quascumque</strong></span> <span class='ocrx_word' id='word_1_84' title='bbox 620 1518 702 1572; x_wconf 85' lang='lat' dir='ltr'><strong>velim</strong></span> <span class='ocrx_word' id='word_1_85' title='bbox 720 1518 817 1586; x_wconf 83' lang='lat' dir='ltr'><strong>pelago</strong></span> <span class='ocrx_word' id='word_1_86' title='bbox 835 1518 972 1571; x_wconf 85' lang='lat' dir='ltr'><strong>deducere</strong></span> <span class='ocrx_word' id='word_1_87' title='bbox 985 1522 1086 1573; x_wconf 88' lang='lat' dir='ltr'><strong>terras.</strong></span> <span class='ocrx_word' id='word_1_88' title='bbox 1185 1533 1223 1573; x_wconf 78' lang='lat' dir='ltr'><strong>sua</strong></span> 
     </span>
     <span class='ocr_line' id='line_1_15' title="bbox 368 1594 1071 1664; baseline 0 -16"><span class='ocrx_word' id='word_1_89' title='bbox 368 1595 483 1664; x_wconf 86' lang='lat' dir='ltr'><strong>Iamque</strong></span> <span class='ocrx_word' id='word_1_90' title='bbox 499 1595 570 1662; x_wconf 83' lang='lat' dir='ltr'><strong>iugis</strong></span> <span class='ocrx_word' id='word_1_91' title='bbox 588 1610 709 1647; x_wconf 84' lang='lat' dir='ltr'><strong>summae</strong></span> <span class='ocrx_word' id='word_1_92' title='bbox 726 1594 858 1663; x_wconf 85' lang='lat' dir='ltr'><strong>surgebat</strong></span> <span class='ocrx_word' id='word_1_93' title='bbox 875 1594 984 1648; x_wconf 84' lang='lat' dir='ltr'><strong>Lucifer</strong></span> <span class='ocrx_word' id='word_1_94' title='bbox 1001 1594 1071 1649; x_wconf 86' lang='lat' dir='ltr'><strong>Idae</strong></span> 
     </span>
     <span class='ocr_line' id='line_1_16' title="bbox 369 1670 1090 1739; baseline -0.001 -14"><span class='ocrx_word' id='word_1_95' title='bbox 369 1670 550 1739; x_wconf 84' lang='lat' dir='ltr'><strong>Ducebatque</strong></span> <span class='ocrx_word' id='word_1_96' title='bbox 568 1671 650 1739; x_wconf 86' lang='lat' dir='ltr'><strong>diem,</strong></span> <span class='ocrx_word' id='word_1_97' title='bbox 668 1670 811 1739; x_wconf 84' lang='lat' dir='ltr'><strong>Danaique</strong></span> <span class='ocrx_word' id='word_1_98' title='bbox 829 1670 940 1723; x_wconf 83' lang='lat' dir='ltr'><strong>obsessa</strong></span> <span class='ocrx_word' id='word_1_99' title='bbox 956 1670 1090 1725; x_wconf 86' lang='lat' dir='ltr'><strong>tenebant</strong></span> 
     </span>
    </p>

    <p class='ocr_par' dir='ltr' id='par_1_10' title="bbox 368 1745 1087 1816">
     <span class='ocr_line' id='line_1_17' title="bbox 368 1745 1087 1816; baseline -0.003 -15"><span class='ocrx_word' id='word_1_100' title='bbox 368 1746 475 1801; x_wconf 88' lang='lat' dir='ltr'><strong>Limina</strong></span> <span class='ocrx_word' id='word_1_101' title='bbox 492 1750 640 1816; x_wconf 87' lang='lat' dir='ltr'><strong>pertarum,</strong></span> <span class='ocrx_word' id='word_1_102' title='bbox 657 1762 708 1800; x_wconf 91' lang='lat' dir='ltr'><strong>nee</strong></span> <span class='ocrx_word' id='word_1_103' title='bbox 725 1763 787 1815; x_wconf 92' lang='lat' dir='ltr'><strong>spes</strong></span> <span class='ocrx_word' id='word_1_104' title='bbox 804 1746 864 1815; x_wconf 91' lang='lat' dir='ltr'><strong>epis</strong></span> <span class='ocrx_word' id='word_1_105' title='bbox 880 1745 936 1799; x_wconf 91' lang='lat' dir='ltr'><strong>ulla</strong></span> <span class='ocrx_word' id='word_1_106' title='bbox 954 1745 1087 1812; x_wconf 76' lang='lat' dir='ltr'><strong>debatur5</strong></span> 
     </span>
    </p>

    <p class='ocr_par' dir='ltr' id='par_1_11' title="bbox 369 1821 986 1891">
     <span class='ocr_line' id='line_1_18' title="bbox 369 1821 986 1891; baseline -0.002 -13"><span class='ocrx_word' id='word_1_107' title='bbox 369 1822 447 1879; x_wconf 85' lang='lat' dir='ltr'><strong>Gessi</strong></span> <span class='ocrx_word' id='word_1_108' title='bbox 463 1826 492 1877; x_wconf 90' lang='lat' dir='ltr'><strong>et</strong></span> <span class='ocrx_word' id='word_1_109' title='bbox 509 1821 617 1877; x_wconf 86' lang='lat' dir='ltr'><strong>sublato</strong></span> <span class='ocrx_word' id='word_1_110' title='bbox 634 1821 735 1877; x_wconf 85' lang='lat' dir='ltr'><strong>mentis</strong></span> <span class='ocrx_word' id='word_1_111' title='bbox 751 1823 877 1890; x_wconf 79' lang='lat' dir='ltr'><strong>genitore</strong></span> <span class='ocrx_word' id='word_1_112' title='bbox 893 1822 986 1891; x_wconf 81' lang='lat' dir='ltr'><strong>petivi</strong></span> 
     </span>
    </p>
   </div>
   <div class='ocr_carea' id='block_1_3' title="bbox 0 0 1635 4159">
    <p class='ocr_par' dir='ltr' id='par_1_12' title="bbox 0 0 1635 4159">
     <span class='ocr_line' id='line_1_19' title="bbox 0 0 1635 4159; baseline 0 0"><span class='ocrx_word' id='word_1_113' title='bbox 0 0 1635 4159; x_wconf 95' lang='lat' dir='ltr'><strong> </strong></span> 
     </span>
    </p>
   </div>
  </div>
 </body>
</html>
