3242 4159
626 530 911 581 summosam.
928 531 981 581 x..
1178 539 1235 589 >233

383 611 483 665 Mente
500 608 590 679 dares,
607 613 692 679 atque
709 611 777 665 haec
795 613 886 666 Turne
903 616 966 667 rata
983 613 1041 668 vila
1057 618 1199 671 maneret?

382 687 411 741 N
413 702 467 739 uno
484 690 576 740 manet
593 687 728 740 insontem
747 689 838 755 gravis
856 689 961 754 exitus3
979 693 1027 743 aut
1042 707 1092 758 ego
1106 693 1164 745 veri
1200 709 1237 747 mo

383 763 466 817 Vana
482 763 562 817 feror.
600 763 680 827 Quod
698 768 730 818 ut
747 781 763 817 ο
780 766 872 833 potius
890 765 1034 819 formidine
1051 766 1121 821 falsa

384 839 487 906 Ludar,
506 838 582 893 etin
599 840 696 894 melius
714 843 769 908 tua,
788 840 836 909 qui
853 844 939 910 potes,
957 858 1020 895 orsa
1036 843 1179 899 reflectas!

385 915 465 968 Haeo
482 914 530 969 ubi
548 915 623 970 diota
640 916 727 982 dedit,
745 918 820 971 caelo
838 934 868 970 se
884 918 1010 986 protinus
1027 919 1083 973 alte

384 990 471 1057 Misit,
490 1008 575 1059 agens
592 992 710 1046 hiemem
728 993 821 1047 nimbo
839 994 977 1049 succincta
993 1003 1148 1064 pereurris,

386 1066 555 1137 Iliacamque
573 1069 660 1122 aciem
679 1072 708 1122 et
726 1069 875 1123 Laurentia
892 1074 983 1124 castra
1000 1072 1106 1139 petivit.
1176 1093 1179 1098 ·
1198 1087 1235 1125 ms

384 1144 456 1195 Tum
474 1143 527 1197 dea
543 1144 616 1197 nirbe
634 1162 698 1198 aava
716 1148 826 1199 tenuem
845 1146 903 1200 siue
921 1146 1024 1201 viribus
1041 1147 1166 1202 umbram

385 1220 422 1273 In
439 1219 537 1274 faeiem
555 1222 761 1275 Aeneae—visu
779 1222 903 1276 mirabile
920 1228 1107 1278 monstrum-

385 1296 533 1350 Dardaniis
546 1301 630 1364 ornat
648 1298 717 1365 telis,
735 1298 907 1367 clipeumque
924 1299 1058 1367 iubasque

385 1372 479 1437 Divini
497 1372 645 1427 adsimulat
662 1373 767 1443 capitis,
787 1373 836 1427 dat
854 1374 945 1427 inania
962 1374 1053 1442 verba,

385 1448 444 1503 Dat
461 1448 520 1503 sine
532 1453 625 1504 mente
639 1466 743 1517 sonum,
757 1466 922 1518 gressusque
938 1450 1043 1518 effingit
1060 1450 1166 1505 euntis:
1199 1466 1237 1504 eso

385 1524 479 1579 Morte
497 1524 572 1580 obita
590 1526 678 1595 qualis
696 1525 768 1579 fama
786 1529 829 1578 est
847 1526 961 1580 volitare
979 1526 1088 1595 figuras,

387 1603 449 1655 Aut
467 1617 538 1669 quae
555 1602 658 1671 sopitos
676 1601 811 1655 deludunt
829 1602 932 1655 somnia
950 1618 1053 1656 sensus.

387 1679 429 1731 At
446 1677 548 1745 primas
566 1678 639 1731 laeta
656 1681 721 1731 ante
738 1678 809 1731 acies
828 1678 948 1732 exsultat
965 1678 1063 1747 imago,

387 1753 545 1821 Inritatque
562 1755 651 1807 virum
668 1753 731 1807 telis
750 1757 779 1807 et
796 1770 862 1807 voce
879 1754 995 1808 lacessit.

387 1828 540 1898 Instatcui
559 1830 673 1897 Turnus,
691 1828 909 1897 stridentemque
928 1830 1033 1882 eminus
1050 1829 1157 1883 hastam
1200 1844 1237 1883 oss

387 1905 522 1971 Ooniicit3
544 1905 592 1959 illa
609 1906 674 1960 dato
692 1905 776 1958 vertit
793 1905 910 1973 vestigia
927 1908 1013 1973 tergo.

387 1980 457 2035 'lum
475 1997 539 2036 vero
557 1982 672 2035 Aenean
689 1998 814 2034 aversum
832 1984 865 2034 ut
882 1980 981 2034 cedere
998 1981 1105 2034 ‘furnius

388 2056 522 2125 Credidit,
539 2061 623 2126 atque
641 2058 731 2110 animo
749 2073 826 2125 spem
843 2056 971 2110 turbidus
988 2056 1081 2111 hausit
1097 2056 1219 2109 inanem:

388 2134 450 2197 Quo
467 2132 546 2202 iugis,
565 2135 677 2187 Aeneal
695 2133 831 2187 thalamos
847 2150 882 2186 ne
900 2132 997 2187 desere
1015 2136 1125 2202 pactos;

388 2208 451 2263 Hac
469 2209 580 2263 dabitur
597 2209 697 2263 dextra
713 2209 797 2263 tellus
814 2210 939 2278 quaesita
955 2226 1006 2277 per
1024 2208 1119 2261 undas.
1202 2222 1239 2259 eso

388 2285 465 2338 Talia
482 2285 632 2356 vociferans
650 2285 782 2353 sequitur,
800 2286 981 2351 strictumque
999 2286 1125 2336 coruscat

388 2360 563 2427 Mucrouem;
580 2378 631 2414 neo
648 2362 720 2415 ferre
737 2360 814 2414 videt
831 2377 880 2413 sua
897 2359 998 2426 gaudia
1015 2361 1119 2411 ventos.

388 2436 475 2491 Forte
491 2438 559 2491 ratis
576 2437 641 2491 celsi
659 2438 802 2491 coniuncta
820 2434 961 2504 crepidine
978 2433 1036 2487 saxi

388 2512 527 2581 Expositis
545 2512 637 2567 stabat
655 2513 734 2567 scalis
752 2516 781 2566 et
798 2515 881 2581 ponte
899 2513 1003 2579 parato,
1091 2546 1093 2549 ψ

388 2589 450 2653 Qua
467 2605 516 2642 rex
535 2588 650 2643 Clusinis
669 2589 799 2643 advectus
818 2586 927 2639 Osinius
945 2587 1007 2639 oris.
1203 2599 1241 2639 sss

389 2664 454 2719 Huc
471 2680 532 2719 sese
551 2665 658 2734 trepida
676 2667 787 2719 Aeneae
804 2663 934 2731 fugientis
951 2662 1041 2729 imago
1141 2666 1147 2678 ⁴

389 2741 506 2794 Ooniicit
523 2741 551 2794 in
569 2740 703 2806 latebram
721 2757 771 2794 neo
788 2741 895 2795 Turnus
913 2739 1023 2808 segnior
1039 2737 1133 2804 instat,

389 2816 599 2885 Exsuperatquo
616 2833 714 2884 moras,
733 2820 762 2871 et
779 2817 870 2887 pontis
888 2815 1007 2870 transilit
1024 2814 1101 2867 altos

389 2892 446 2946 Vix
463 2909 572 2962 proram
590 2894 735 2961 attigerat:
753 2893 858 2962 rumpit
876 2892 1005 2946 Saturnia
1022 2890 1123 2956 fiunem,

390 2968 577 3037 Avolsamque
594 2970 668 3037 rapit
684 2969 809 3023 revoluta
826 2984 877 3038 per
894 2984 1014 3035 aequora
1031 2980 1136 3018 nauem.
1206 2978 1244 3015 eoo

389 3044 474 3097 Illum
492 3048 585 3098 autem
604 3046 712 3098 Aeneas
729 3044 871 3098 absentem
889 3044 917 3096 in
935 3042 1039 3111 proclia
1056 3038 1158 3108 poscit:

390 3119 480 3173 Obvia
496 3120 584 3174 multa
602 3120 691 3173 virum
708 3120 832 3175 demittit
849 3135 962 3187 eorpora
979 3116 1070 3170 morti.

389 3196 460 3249 Tum
476 3195 544 3250 levis
561 3195 636 3249 haud
653 3197 727 3250 ultra
743 3196 864 3250 latebras
881 3195 936 3248 iam
954 3193 1063 3262 quaerit
1080 3190 1181 3257 imago3

390 3270 448 3326 Sed
466 3271 582 3326 sublime
599 3271 692 3325 volans
710 3272 776 3326 nubi
794 3289 824 3326 se
841 3270 979 3325 inmiscuit
996 3273 1087 3323 atrae:

390 3347 462 3403 (lum
481 3348 600 3401 'lumem
618 3349 709 3401 medio
727 3348 833 3402 interea
850 3348 905 3401 fert
923 3362 1040 3415 aequore
1058 3340 1147 3397 turbo.
1207 3356 1245 3395 ess

390 3423 517 3492 Respicit
533 3425 645 3491 ignarus
662 3441 755 3479 rerum
773 3424 958 3494 ingratusque
975 3421 1086 3486 salutis,

379 3500 422 3551 Et
438 3498 555 3565 duplicis
574 3516 635 3554 cum
656 3518 724 3558 voce
742 3520 845 3558 manus
864 3501 904 3558 ad
922 3500 1024 3556 sidera
1038 3493 1157 3553 andiu.

371 3571 557 3637 Omnipotens
573 3577 699 3650 genitor,
720 3582 831 3639 tanton‘
854 3598 906 3640 me
926 3579 1058 3639 etimne
1074 3572 1210 3636 &sgnum
