3242 4159
666 520 873 571 CECRGICON
890 523 958 574 LIB.
974 522 997 572 1.
1225 524 1258 573 25

402 601 451 655 An
471 598 540 655 deus
557 598 674 655 inmensi
692 601 785 655 venias
802 601 892 668 maris,
909 620 941 657 ae
958 605 1008 658 tua
1024 600 1125 659 nautae

401 676 526 730 Numina
543 676 602 730 sola
619 676 718 745 colant,
736 677 788 730 tibi
806 678 908 732 serviat
924 679 1023 733 ultima
1040 679 1134 747 Thule,
1234 698 1259 737 eo

401 751 500 819 Teque
519 751 571 804 sibi
588 769 721 819 generum
740 753 843 822 Tethys
860 757 934 808 emat
952 754 1077 808 omnibus
1094 755 1183 821 undis,

401 829 488 881 Anne
505 844 607 893 novum
624 828 713 881 tardis
731 828 807 883 sidus
824 832 855 882 te
871 829 1012 884 mensibus
1030 830 1124 898 addas,

402 903 467 968 Qua
484 904 559 958 loeus
577 904 716 972 Erigonen
732 904 807 958 inter
826 904 980 973 Chelasque
998 906 1139 974 sequentis

403 980 559 1046 Panditur,
575 980 635 1048 ipse
652 980 704 1033 tibi
721 980 776 1033 iam
793 979 921 1034 bracchia
937 981 1073 1036 contrahit
1090 980 1190 1035 ardens
1211 973 1220 989 ”

401 1056 539 1125 Scorpios,
556 1059 586 1110 et
604 1055 672 1109 caeli
688 1056 762 1110 iusta
779 1055 841 1125 plus
858 1059 938 1125 parte
955 1058 1084 1125 reliquit;
1232 1072 1257 1109 ss

403 1131 549 1200 Quidquid
565 1131 726 1200 eris-nam
743 1135 773 1186 te
790 1148 841 1186 nee
858 1137 969 1201 sperant
987 1134 1101 1187 Tartara
1116 1148 1219 1200 regem,

401 1207 429 1260 N
431 1223 465 1261 ee
481 1207 534 1271 tibi
551 1208 794 1275 regnandireniat
811 1212 870 1261 tam
888 1208 949 1263 dira
966 1209 1082 1276 oupido;

402 1283 535 1348 Quamvis
554 1283 659 1353 Elysios
676 1284 793 1338 miretur
811 1284 928 1337 Graecia
944 1300 1060 1353 campos,

401 1359 429 1412 N
431 1375 466 1413 eo
482 1359 602 1429 repetita
619 1360 697 1428 sequi
714 1363 793 1414 curet
812 1358 976 1427 Proserpina
993 1364 1145 1415 matrem-

401 1436 448 1489 Da
465 1435 573 1489 facilem
590 1452 707 1501 cursum,
725 1439 810 1505 atque
827 1434 977 1509 audacibus
993 1436 1083 1489 adnue
1099 1436 1211 1505 coeptis,
1235 1451 1260 1491 so

402 1512 576 1580 ignarosque
592 1512 653 1565 viae
670 1528 778 1565 mecum
795 1513 942 1566 miseratus
959 1512 1076 1582 agrestis

402 1586 564 1654 Ingredere,
582 1590 611 1641 et
629 1588 701 1640 votis
718 1588 773 1640 iam
790 1582 861 1641 nu'nc
879 1588 1010 1642 adsuesce
1026 1587 1124 1642 vocari.

439 1660 515 1716 Vere
531 1678 608 1730 novo,
626 1662 735 1729 gelidus
753 1664 827 1717 canis
845 1680 907 1716 cum
925 1663 1064 1717 montibus
1081 1664 1179 1716 humor

401 1737 534 1806 liquitur
552 1740 582 1792 et
599 1738 723 1807 Zephyro
740 1739 830 1807 putris
848 1755 878 1792 se
895 1737 993 1805 glaeba
1010 1738 1128 1805 resolvit,

400 1812 542 1881 Depresso
558 1813 671 1881 incipiat
688 1814 742 1867 iarn
760 1816 820 1867 tum
838 1813 905 1867 mihi
922 1817 1018 1866 taurus
1034 1816 1126 1866 aratro
1236 1826 1261 1866 as

401 1887 557 1956 Ingemere,
576 1892 605 1943 et
622 1889 696 1943 sulco
714 1889 828 1943 attritus
847 1889 1037 1957 splendescere
1054 1904 1155 1943 vomer.

401 1962 457 2017 Illa
474 1980 552 2032 seges
569 1963 680 2018 demum
698 1965 768 2019 votis
785 1965 934 2033 respondet
951 1965 1025 2018 arari

401 2039 558 2108 Agricolae,
576 2039 621 2095 bis
639 2057 710 2109 quae
727 2041 819 2106 solem,
838 2040 881 2094 bis
899 2040 1002 2108 frigora
1020 2039 1121 2107 sensit;

374 2115 485 2169 tlllius
501 2115 641 2179 inmensae
658 2120 793 2185 ruperunt
810 2117 910 2170 horrea
927 2132 1038 2170 messes.
1104 2155 1107 2161 «

399 2191 445 2246 At
456 2190 533 2260 prius
544 2192 755 2259 ignotum'ferro
768 2209 850 2260 quam
864 2192 1012 2245 scindimus
1025 2208 1135 2260 aequor,
1234 2208 1259 2247 so

404 2267 510 2322 Ventos
529 2271 558 2323 et
575 2268 680 2322 varium
698 2268 765 2322 caeli
784 2268 957 2337 praediscere
975 2284 1080 2322 morem

400 2342 477 2397 Cura
494 2343 531 2398 sit
548 2360 580 2397 ac
597 2344 701 2412 patrios
719 2343 864 2411 cultusque
881 2342 1045 2411 habitusque
1062 2343 1191 2410 locorum,

400 2419 440 2473 Et
452 2418 520 2488 quid
533 2431 658 2488 quaeque
669 2417 741 2473 ierat
752 2419 837 2487 regio,
850 2422 878 2472 et
890 2418 958 2487 quid
970 2434 1096 2486 quaeque
1114 2421 1230 2472 recuset.

401 2494 459 2549 Hic
477 2499 592 2563 segetes,
609 2495 664 2549 illic
681 2496 794 2550 veniunt
811 2495 917 2548 felicius
933 2510 1019 2559 uvae;
1207 2555 1212 2563 ⁴

399 2570 524 2626 Arborei
539 2570 615 2625 fetus
631 2571 705 2639 alibi,
723 2575 808 2640 atque
826 2570 930 2622 iniussa
947 2569 1086 2623 virescunt
1236 2584 1260 2623 ss

399 2641 541 2701 Gramina.
577 2646 676 2701 Nonne
693 2647 778 2712 vides,
797 2662 906 2700 croceos
922 2648 955 2699 ut
973 2645 1083 2699 Tmolus
1101 2645 1207 2714 odores,

400 2721 484 2775 India
501 2722 590 2778 mittit
607 2723 685 2790 ebur,
702 2724 797 2777 molles
817 2740 866 2776 sua
884 2726 948 2775 tura
966 2721 1072 2790 Sabaei,

399 2799 444 2852 At
462 2798 597 2868 Chalybes
614 2798 681 2852 nudi
700 2799 810 2866 ferrum,
831 2798 974 2866 virosaque
993 2798 1098 2852 Pontus

399 2874 540 2942 Castorea,
559 2874 686 2928 Eliadum
704 2875 809 2945 palmas
828 2874 925 2942 Epiros
943 2876 1094 2943 equaruml

398 2950 539 3005 Continuo
556 2950 607 3004 has
623 2950 699 3019 leges
716 2954 884 3018 aeternaque
903 2950 1015 3005 foedera
1032 2949 1117 3005 certis
1238 2963 1262 3000 oo

400 3025 530 3095 Inposuit
547 3030 645 3082 natura
661 3026 736 3095 locis,
756 3044 810 3096 quo
829 3029 954 3096 ternpore
969 3028 1089 3096 primurn

400 3102 552 3157 Deucalion
570 3120 685 3160 vacuum
703 3103 810 3172 lapides
829 3102 940 3157 iactavit
958 3103 987 3155 in
1005 3102 1107 3164 orbem,

399 3177 484 3233 Unde
501 3179 626 3237 homines
643 3180 709 3246 nati,
729 3178 830 3232 durum
847 3195 940 3246 genus.
977 3179 1049 3243 Ergo
1067 3191 1127 3242 age,
1145 3176 1254 3227 terrac·

400 3254 509 3323 Pingue
528 3255 615 3309 solum
633 3254 729 3321 primis
749 3254 888 3321 extemplo
905 3271 922 3307 a
939 3250 1079 3306 mensibus
1096 3249 1160 3303 anni

396 3331 501 3386 Fortes
517 3331 656 3385 invertant
673 3330 753 3398 tauri,
770 3328 939 3399 glaebasque
955 3325 1070 3381 iacentis
1241 3339 1269 3377 ss

389 3405 589 3460 Pulrerulenta
606 3409 710 3474 coquat
728 3408 849 3463 maturis
869 3407 978 3463 solibus
994 3406 1116 3471 aesia&

375 3476 423 3525 At
436 3475 466 3532 si
479 3492 536 3530 non
553 3479 646 3536 ruerit
664 3483 752 3541 tellus
771 3486 913 3557 fecunda,
933 3486 991 3543 sub
1008 3484 1113 3555 ipsum

362 3545 522 3603 Arctzuwn
542 3554 625 3610 anm
643 3563 692 3617 sat
713 3564 775 3622 erit
795 3566 989 3640 suspendere
1007 3562 1117 3623 sulm·-
