<?xml version="1.0" encoding="UTF-8"?>
<!DOCTYPE html PUBLIC "-//W3C//DTD XHTML 1.0 Transitional//EN"
    "http://www.w3.org/TR/xhtml1/DTD/xhtml1-transitional.dtd">
<html xmlns="http://www.w3.org/1999/xhtml" xml:lang="en" lang="en">
 <head>
  <title>
</title>
<meta http-equiv="Content-Type" content="text/html;charset=utf-8" />
  <meta name='ocr-system' content='tesseract 3.04.00' />
  <meta name='ocr-capabilities' content='ocr_page ocr_carea ocr_par ocr_line ocrx_word'/>
</head>
<body>
  <div class='ocr_page' id='page_1' title='image "./publivergilimar00conigoog_0144.png"; bbox 0 0 3242 4159; ppageno 0'>
   <div class='ocr_carea' id='block_1_1' title="bbox 394 525 1016 580">
    <p class='ocr_par' dir='ltr' id='par_1_1' title="bbox 394 525 1016 580">
     <span class='ocr_line' id='line_1_1' title="bbox 394 525 1016 580; baseline -0.01 0"><span class='ocrx_word' id='word_1_1' title='bbox 394 534 442 580; x_wconf 79' lang='lat'><strong>124</strong></span> <span class='ocrx_word' id='word_1_2' title='bbox 633 529 662 577; x_wconf 91' lang='lat' dir='ltr'><strong>P.</strong></span> <span class='ocrx_word' id='word_1_3' title='bbox 681 525 836 578; x_wconf 81' lang='lat' dir='ltr'><strong>VERGILI</strong></span> <span class='ocrx_word' id='word_1_4' title='bbox 851 525 1016 575; x_wconf 84' lang='lat' dir='ltr'><strong>MABONIS</strong></span> 
     </span>
    </p>
   </div>
   <div class='ocr_carea' id='block_1_2' title="bbox 359 607 1255 3663">
    <p class='ocr_par' dir='ltr' id='par_1_2' title="bbox 394 607 1254 819">
     <span class='ocr_line' id='line_1_2' title="bbox 394 607 1157 675; baseline -0.005 -8"><span class='ocrx_word' id='word_1_5' title='bbox 394 613 431 667; x_wconf 81' lang='lat' dir='ltr'><strong>ut</strong></span> <span class='ocrx_word' id='word_1_6' title='bbox 448 617 552 667; x_wconf 87' lang='lat' dir='ltr'><strong>terram</strong></span> <span class='ocrx_word' id='word_1_7' title='bbox 569 610 634 664; x_wconf 89' lang='lat' dir='ltr'><strong>tabo</strong></span> <span class='ocrx_word' id='word_1_8' title='bbox 651 610 796 663; x_wconf 87' lang='lat' dir='ltr'><strong>maculant.</strong></span> <span class='ocrx_word' id='word_1_9' title='bbox 834 607 905 663; x_wconf 88' lang='lat' dir='ltr'>Mihi</span> <span class='ocrx_word' id='word_1_10' title='bbox 923 607 1040 675; x_wconf 81' lang='lat' dir='ltr'><strong>frigidus</strong></span> <span class='ocrx_word' id='word_1_11' title='bbox 1056 610 1157 668; x_wconf 85' lang='lat' dir='ltr'><strong>horror</strong></span> 
     </span>
     <span class='ocr_line' id='line_1_3' title="bbox 395 685 1254 756; baseline -0.007 -13"><span class='ocrx_word' id='word_1_12' title='bbox 395 688 520 743; x_wconf 89' lang='lat' dir='ltr'><strong>Membra</strong></span> <span class='ocrx_word' id='word_1_13' title='bbox 533 687 630 756; x_wconf 89' lang='lat' dir='ltr'><strong>quatit,</strong></span> <span class='ocrx_word' id='word_1_14' title='bbox 642 687 805 755; x_wconf 88' lang='lat' dir='ltr'><strong>gelidusque</strong></span> <span class='ocrx_word' id='word_1_15' title='bbox 817 686 873 739; x_wconf 88' lang='lat' dir='ltr'><strong>coit</strong></span> <span class='ocrx_word' id='word_1_16' title='bbox 884 685 1030 739; x_wconf 85' lang='lat' dir='ltr'><strong>formidine</strong></span> <span class='ocrx_word' id='word_1_17' title='bbox 1042 688 1162 755; x_wconf 75' lang='lat' dir='ltr'><strong>sanguis.</strong></span> <span class='ocrx_word' id='word_1_18' title='bbox 1231 704 1254 747; x_wconf 72' lang='lat' dir='ltr'><strong>aa</strong></span> 
     </span>
     <span class='ocr_line' id='line_1_4' title="bbox 395 762 1080 819; baseline -0.003 0"><span class='ocrx_word' id='word_1_19' title='bbox 395 765 501 819; x_wconf 82' lang='lat' dir='ltr'>Rursus</span> <span class='ocrx_word' id='word_1_20' title='bbox 518 770 547 818; x_wconf 90' lang='lat' dir='ltr'><strong>et</strong></span> <span class='ocrx_word' id='word_1_21' title='bbox 564 764 677 817; x_wconf 88' lang='lat' dir='ltr'><strong>alterius</strong></span> <span class='ocrx_word' id='word_1_22' title='bbox 693 764 800 818; x_wconf 89' lang='lat' dir='ltr'><strong>lentum</strong></span> <span class='ocrx_word' id='word_1_23' title='bbox 819 762 972 816; x_wconf 90' lang='lat' dir='ltr'><strong>convellere</strong></span> <span class='ocrx_word' id='word_1_24' title='bbox 989 762 1080 817; x_wconf 81' lang='lat' dir='ltr'><strong>vimen</strong></span> 
     </span>
    </p>

    <p class='ocr_par' dir='ltr' id='par_1_3' title="bbox 395 838 1132 909">
     <span class='ocr_line' id='line_1_5' title="bbox 395 838 1132 909; baseline 0 -14"><span class='ocrx_word' id='word_1_25' title='bbox 395 843 530 909; x_wconf 90' lang='lat' dir='ltr'><strong>Insequor</strong></span> <span class='ocrx_word' id='word_1_26' title='bbox 548 844 576 894; x_wconf 90' lang='lat' dir='ltr'><strong>et</strong></span> <span class='ocrx_word' id='word_1_27' title='bbox 594 856 702 894; x_wconf 81' lang='lat' dir='ltr'>caussas</span> <span class='ocrx_word' id='word_1_28' title='bbox 720 838 832 909; x_wconf 84' lang='lat' dir='ltr'><strong>penitus</strong></span> <span class='ocrx_word' id='word_1_29' title='bbox 849 842 989 908; x_wconf 85' lang='lat' dir='ltr'><strong>temptare</strong></span> <span class='ocrx_word' id='word_1_30' title='bbox 1006 838 1132 895; x_wconf 87' lang='lat' dir='ltr'><strong>latentis:</strong></span> 
     </span>
    </p>

    <p class='ocr_par' dir='ltr' id='par_1_4' title="bbox 395 915 1100 985">
     <span class='ocr_line' id='line_1_6' title="bbox 395 915 1100 985; baseline -0.003 -14"><span class='ocrx_word' id='word_1_31' title='bbox 395 920 467 971; x_wconf 90' lang='lat' dir='ltr'><strong>Ater</strong></span> <span class='ocrx_word' id='word_1_32' title='bbox 484 921 513 971; x_wconf 91' lang='lat' dir='ltr'><strong>et</strong></span> <span class='ocrx_word' id='word_1_33' title='bbox 530 917 644 970; x_wconf 87' lang='lat' dir='ltr'><strong>alterius</strong></span> <span class='ocrx_word' id='word_1_34' title='bbox 663 917 790 985; x_wconf 89' lang='lat' dir='ltr'><strong>sequitur</strong></span> <span class='ocrx_word' id='word_1_35' title='bbox 808 915 845 970; x_wconf 90' lang='lat' dir='ltr'><strong>de</strong></span> <span class='ocrx_word' id='word_1_36' title='bbox 862 916 965 969; x_wconf 91' lang='lat' dir='ltr'><strong>cortice</strong></span> <span class='ocrx_word' id='word_1_37' title='bbox 983 916 1100 983; x_wconf 79' lang='lat' dir='ltr'><strong>sanguis</strong></span> 
     </span>
    </p>

    <p class='ocr_par' dir='ltr' id='par_1_5' title="bbox 394 992 1255 1214">
     <span class='ocr_line' id='line_1_7' title="bbox 394 992 1186 1063; baseline 0.005 -16"><span class='ocrx_word' id='word_1_38' title='bbox 394 993 484 1048; x_wconf 86' lang='lat' dir='ltr'><strong>Multa</strong></span> <span class='ocrx_word' id='word_1_39' title='bbox 501 1010 612 1047; x_wconf 87' lang='lat' dir='ltr'><strong>movens</strong></span> <span class='ocrx_word' id='word_1_40' title='bbox 630 994 719 1047; x_wconf 78' lang='lat' dir='ltr'><strong>alume</strong></span> <span class='ocrx_word' id='word_1_41' title='bbox 739 992 881 1061; x_wconf 80' lang='lat' dir='ltr'><strong>Nymphas</strong></span> <span class='ocrx_word' id='word_1_42' title='bbox 898 992 1049 1047; x_wconf 85' lang='lat' dir='ltr'><strong>venerabar</strong></span> <span class='ocrx_word' id='word_1_43' title='bbox 1065 997 1186 1063; x_wconf 80' lang='lat' dir='ltr'><strong>agrestis</strong></span> 
     </span>
     <span class='ocr_line' id='line_1_8' title="bbox 394 1068 1255 1140; baseline 0 -17"><span class='ocrx_word' id='word_1_44' title='bbox 394 1069 599 1138; x_wconf 85' lang='lat' dir='ltr'><strong>Gradivumque</strong></span> <span class='ocrx_word' id='word_1_45' title='bbox 617 1073 731 1138; x_wconf 87' lang='lat' dir='ltr'><strong>patrem,</strong></span> <span class='ocrx_word' id='word_1_46' title='bbox 752 1069 856 1123; x_wconf 89' lang='lat' dir='ltr'><strong>Geticis</strong></span> <span class='ocrx_word' id='word_1_47' title='bbox 874 1069 921 1138; x_wconf 88' lang='lat' dir='ltr'><strong>qui</strong></span> <span class='ocrx_word' id='word_1_48' title='bbox 938 1068 1080 1139; x_wconf 72' lang='lat' dir='ltr'><strong>praesidet</strong></span> <span class='ocrx_word' id='word_1_49' title='bbox 1096 1071 1177 1140; x_wconf 70' lang='lat' dir='ltr'><strong>arvis</strong></span> <span class='ocrx_word' id='word_1_50' title='bbox 1231 1087 1255 1128; x_wconf 81' lang='lat' dir='ltr'><strong>ss</strong></span> 
     </span>
     <span class='ocr_line' id='line_1_9' title="bbox 395 1146 1054 1214; baseline 0 -16"><span class='ocrx_word' id='word_1_51' title='bbox 395 1146 460 1200; x_wconf 88' lang='lat' dir='ltr'><strong>Rite</strong></span> <span class='ocrx_word' id='word_1_52' title='bbox 479 1146 661 1200; x_wconf 79' lang='lat' dir='ltr'>secundarent</span> <span class='ocrx_word' id='word_1_53' title='bbox 679 1146 753 1200; x_wconf 88' lang='lat' dir='ltr'><strong>visus</strong></span> <span class='ocrx_word' id='word_1_54' title='bbox 772 1162 907 1214; x_wconf 90' lang='lat' dir='ltr'><strong>omenque</strong></span> <span class='ocrx_word' id='word_1_55' title='bbox 924 1146 1054 1199; x_wconf 77' lang='lat' dir='ltr'><strong>levarent.</strong></span> 
     </span>
    </p>

    <p class='ocr_par' dir='ltr' id='par_1_6' title="bbox 394 1221 1044 1292">
     <span class='ocr_line' id='line_1_10' title="bbox 394 1221 1044 1292; baseline 0.002 -19"><span class='ocrx_word' id='word_1_56' title='bbox 394 1221 488 1276; x_wconf 81' lang='lat' dir='ltr'><strong>Tertia</strong></span> <span class='ocrx_word' id='word_1_57' title='bbox 506 1222 556 1275; x_wconf 91' lang='lat' dir='ltr'><strong>sed</strong></span> <span class='ocrx_word' id='word_1_58' title='bbox 574 1227 719 1292; x_wconf 89' lang='lat' dir='ltr'><strong>postquam</strong></span> <span class='ocrx_word' id='word_1_59' title='bbox 738 1224 841 1276; x_wconf 88' lang='lat' dir='ltr'><strong>maiore</strong></span> <span class='ocrx_word' id='word_1_60' title='bbox 858 1222 967 1275; x_wconf 86' lang='lat' dir='ltr'><strong>hastilia</strong></span> <span class='ocrx_word' id='word_1_61' title='bbox 983 1222 1044 1275; x_wconf 89' lang='lat' dir='ltr'><strong>nisu</strong></span> 
     </span>
    </p>

    <p class='ocr_par' dir='ltr' id='par_1_7' title="bbox 395 1296 1254 1748">
     <span class='ocr_line' id='line_1_11' title="bbox 396 1296 1184 1367; baseline 0.001 -15"><span class='ocrx_word' id='word_1_62' title='bbox 396 1298 555 1366; x_wconf 83' lang='lat' dir='ltr'><strong>Adgredior</strong></span> <span class='ocrx_word' id='word_1_63' title='bbox 572 1300 742 1367; x_wconf 81' lang='lat' dir='ltr'><strong>genibusque</strong></span> <span class='ocrx_word' id='word_1_64' title='bbox 761 1298 893 1360; x_wconf 87' lang='lat' dir='ltr'><strong>adversae</strong></span> <span class='ocrx_word' id='word_1_65' title='bbox 908 1296 1033 1351; x_wconf 89' lang='lat' dir='ltr'><strong>obluctor</strong></span> <span class='ocrx_word' id='word_1_66' title='bbox 1050 1315 1184 1353; x_wconf 86' lang='lat' dir='ltr'><strong>arenae-</strong></span> 
     </span>
     <span class='ocr_line' id='line_1_12' title="bbox 395 1372 1124 1452; baseline 0.001 -24"><span class='ocrx_word' id='word_1_67' title='bbox 395 1374 522 1443; x_wconf 79' lang='lat' dir='ltr'><strong>Eloquar,</strong></span> <span class='ocrx_word' id='word_1_68' title='bbox 541 1392 576 1429; x_wconf 90' lang='lat' dir='ltr'><strong>an</strong></span> <span class='ocrx_word' id='word_1_69' title='bbox 594 1376 860 1443; x_wconf 81' lang='lat' dir='ltr'><strong>sileaml—gemitus</strong></span> <span class='ocrx_word' id='word_1_70' title='bbox 877 1372 1052 1427; x_wconf 86' lang='lat' dir='ltr'><strong>lacrimabilis</strong></span> <span class='ocrx_word' id='word_1_71' title='bbox 1069 1375 1124 1452; x_wconf 80' lang='lat' dir='ltr'><strong>imo</strong></span> 
     </span>
     <span class='ocr_line' id='line_1_13' title="bbox 395 1450 1254 1520; baseline 0.002 -16"><span class='ocrx_word' id='word_1_72' title='bbox 395 1452 518 1506; x_wconf 80' lang='lat' dir='ltr'><strong>Auditur</strong></span> <span class='ocrx_word' id='word_1_73' title='bbox 534 1453 648 1520; x_wconf 90' lang='lat' dir='ltr'><strong>tumulo,</strong></span> <span class='ocrx_word' id='word_1_74' title='bbox 667 1455 696 1505; x_wconf 89' lang='lat' dir='ltr'><strong>et</strong></span> <span class='ocrx_word' id='word_1_75' title='bbox 713 1469 765 1505; x_wconf 82' lang='lat' dir='ltr'><strong>vox</strong></span> <span class='ocrx_word' id='word_1_76' title='bbox 783 1451 895 1505; x_wconf 88' lang='lat' dir='ltr'><strong>reddita</strong></span> <span class='ocrx_word' id='word_1_77' title='bbox 912 1451 1002 1504; x_wconf 87' lang='lat' dir='ltr'><strong>fertur</strong></span> <span class='ocrx_word' id='word_1_78' title='bbox 1019 1450 1055 1504; x_wconf 86' lang='lat' dir='ltr'><strong>ad</strong></span> <span class='ocrx_word' id='word_1_79' title='bbox 1072 1452 1162 1506; x_wconf 89' lang='lat' dir='ltr'><strong>auris:</strong></span> <span class='ocrx_word' id='word_1_80' title='bbox 1230 1464 1254 1506; x_wconf 78' lang='lat' dir='ltr'><strong>so</strong></span> 
     </span>
     <span class='ocr_line' id='line_1_14' title="bbox 396 1527 1199 1595; baseline 0.001 -15"><span class='ocrx_word' id='word_1_81' title='bbox 396 1527 469 1592; x_wconf 84' lang='lat' dir='ltr'><strong>Quid</strong></span> <span class='ocrx_word' id='word_1_82' title='bbox 486 1529 622 1594; x_wconf 90' lang='lat' dir='ltr'><strong>miserum,</strong></span> <span class='ocrx_word' id='word_1_83' title='bbox 642 1531 744 1593; x_wconf 82' lang='lat' dir='ltr'><strong>Aenea,</strong></span> <span class='ocrx_word' id='word_1_84' title='bbox 764 1527 883 1580; x_wconf 84' lang='lat' dir='ltr'><strong>lacerasl</strong></span> <span class='ocrx_word' id='word_1_85' title='bbox 900 1527 956 1580; x_wconf 86' lang='lat' dir='ltr'><strong>iam</strong></span> <span class='ocrx_word' id='word_1_86' title='bbox 973 1543 1056 1595; x_wconf 86' lang='lat' dir='ltr'><strong>parce</strong></span> <span class='ocrx_word' id='word_1_87' title='bbox 1074 1527 1199 1594; x_wconf 58' lang='lat' dir='ltr'><strong>sepultam</strong></span> 
     </span>
     <span class='ocr_line' id='line_1_15' title="bbox 396 1601 1168 1673; baseline 0.003 -17"><span class='ocrx_word' id='word_1_88' title='bbox 396 1601 482 1658; x_wconf 85' lang='lat' dir='ltr'><strong>Parce</strong></span> <span class='ocrx_word' id='word_1_89' title='bbox 499 1605 558 1673; x_wconf 90' lang='lat' dir='ltr'><strong>pias</strong></span> <span class='ocrx_word' id='word_1_90' title='bbox 576 1602 711 1657; x_wconf 89' lang='lat' dir='ltr'><strong>scelerare</strong></span> <span class='ocrx_word' id='word_1_91' title='bbox 729 1620 833 1656; x_wconf 89' lang='lat' dir='ltr'><strong>manus.</strong></span> <span class='ocrx_word' id='word_1_92' title='bbox 871 1603 935 1656; x_wconf 87' lang='lat' dir='ltr'><strong>Non</strong></span> <span class='ocrx_word' id='word_1_93' title='bbox 952 1619 997 1657; x_wconf 90' lang='lat' dir='ltr'><strong>me</strong></span> <span class='ocrx_word' id='word_1_94' title='bbox 1014 1602 1067 1657; x_wconf 90' lang='lat' dir='ltr'><strong>tibi</strong></span> <span class='ocrx_word' id='word_1_95' title='bbox 1085 1603 1168 1658; x_wconf 83' lang='lat' dir='ltr'><strong>Troia</strong></span> 
     </span>
     <span class='ocr_line' id='line_1_16' title="bbox 395 1679 1148 1748; baseline 0.001 -15"><span class='ocrx_word' id='word_1_96' title='bbox 395 1679 547 1735; x_wconf 80' lang='lat' dir='ltr'><strong>Externum</strong></span> <span class='ocrx_word' id='word_1_97' title='bbox 565 1680 636 1745; x_wconf 89' lang='lat' dir='ltr'><strong>tulit,</strong></span> <span class='ocrx_word' id='word_1_98' title='bbox 655 1683 704 1733; x_wconf 90' lang='lat' dir='ltr'><strong>aut</strong></span> <span class='ocrx_word' id='word_1_99' title='bbox 722 1695 802 1733; x_wconf 89' lang='lat' dir='ltr'><strong>cruor</strong></span> <span class='ocrx_word' id='word_1_100' title='bbox 820 1680 864 1734; x_wconf 91' lang='lat' dir='ltr'><strong>hic</strong></span> <span class='ocrx_word' id='word_1_101' title='bbox 882 1680 918 1733; x_wconf 95' lang='lat' dir='ltr'><strong>de</strong></span> <span class='ocrx_word' id='word_1_102' title='bbox 935 1679 1028 1748; x_wconf 82' lang='lat' dir='ltr'><strong>stipite</strong></span> <span class='ocrx_word' id='word_1_103' title='bbox 1045 1682 1148 1734; x_wconf 83' lang='lat' dir='ltr'><strong>manat</strong></span> 
     </span>
    </p>

    <p class='ocr_par' dir='ltr' id='par_1_8' title="bbox 396 1756 1108 1825">
     <span class='ocr_line' id='line_1_17' title="bbox 396 1756 1108 1825; baseline -0.003 -16"><span class='ocrx_word' id='word_1_104' title='bbox 396 1756 476 1811; x_wconf 82' lang='lat' dir='ltr'><strong>Heu!</strong></span> <span class='ocrx_word' id='word_1_105' title='bbox 494 1757 559 1825; x_wconf 82' lang='lat' dir='ltr'><strong>fuge</strong></span> <span class='ocrx_word' id='word_1_106' title='bbox 576 1757 695 1811; x_wconf 89' lang='lat' dir='ltr'><strong>crudelis</strong></span> <span class='ocrx_word' id='word_1_107' title='bbox 711 1759 807 1825; x_wconf 90' lang='lat' dir='ltr'><strong>terras,</strong></span> <span class='ocrx_word' id='word_1_108' title='bbox 824 1757 889 1825; x_wconf 83' lang='lat' dir='ltr'><strong>fuge</strong></span> <span class='ocrx_word' id='word_1_109' title='bbox 907 1756 972 1809; x_wconf 90' lang='lat' dir='ltr'><strong>litus</strong></span> <span class='ocrx_word' id='word_1_110' title='bbox 989 1771 1108 1808; x_wconf 89' lang='lat' dir='ltr'><strong>avarum.</strong></span> 
     </span>
    </p>

    <p class='ocr_par' dir='ltr' id='par_1_9' title="bbox 395 1830 1253 1977">
     <span class='ocr_line' id='line_1_18' title="bbox 395 1830 1253 1902; baseline 0 -17"><span class='ocrx_word' id='word_1_111' title='bbox 395 1832 422 1885; x_wconf 92' lang='lat' dir='ltr'>N</span> <span class='ocrx_word' id='word_1_112' title='bbox 424 1850 468 1887; x_wconf 89' lang='lat' dir='ltr'><strong>am</strong></span> <span class='ocrx_word' id='word_1_113' title='bbox 487 1833 637 1901; x_wconf 85' lang='lat' dir='ltr'><strong>Polydorus</strong></span> <span class='ocrx_word' id='word_1_114' title='bbox 657 1850 714 1902; x_wconf 84' lang='lat' dir='ltr'><strong>ego.</strong></span> <span class='ocrx_word' id='word_1_115' title='bbox 753 1833 807 1887; x_wconf 82' lang='lat' dir='ltr'><strong>llic</strong></span> <span class='ocrx_word' id='word_1_116' title='bbox 825 1832 960 1885; x_wconf 84' lang='lat' dir='ltr'><strong>confixum</strong></span> <span class='ocrx_word' id='word_1_117' title='bbox 978 1832 1067 1884; x_wconf 85' lang='lat' dir='ltr'><strong>ferrea</strong></span> <span class='ocrx_word' id='word_1_118' title='bbox 1084 1830 1159 1886; x_wconf 85' lang='lat' dir='ltr'><strong>texit</strong></span> <span class='ocrx_word' id='word_1_119' title='bbox 1229 1846 1253 1885; x_wconf 77' lang='lat' dir='ltr'><strong>ss</strong></span> 
     </span>
     <span class='ocr_line' id='line_1_19' title="bbox 396 1907 1022 1977; baseline -0.002 -15"><span class='ocrx_word' id='word_1_120' title='bbox 396 1909 522 1962; x_wconf 83' lang='lat' dir='ltr'><strong>Telorum</strong></span> <span class='ocrx_word' id='word_1_121' title='bbox 541 1927 618 1977; x_wconf 82' lang='lat' dir='ltr'><strong>seges</strong></span> <span class='ocrx_word' id='word_1_122' title='bbox 638 1912 667 1963; x_wconf 89' lang='lat' dir='ltr'><strong>et</strong></span> <span class='ocrx_word' id='word_1_123' title='bbox 683 1910 778 1963; x_wconf 90' lang='lat' dir='ltr'><strong>iaculis</strong></span> <span class='ocrx_word' id='word_1_124' title='bbox 796 1909 910 1962; x_wconf 90' lang='lat' dir='ltr'><strong>increvit</strong></span> <span class='ocrx_word' id='word_1_125' title='bbox 928 1907 1022 1961; x_wconf 82' lang='lat' dir='ltr'><strong>acutis.</strong></span> 
     </span>
    </p>

    <p class='ocr_par' dir='ltr' id='par_1_10' title="bbox 396 1983 1254 2435">
     <span class='ocr_line' id='line_1_20' title="bbox 430 1983 1238 2052; baseline 0 -15"><span class='ocrx_word' id='word_1_126' title='bbox 430 1985 498 2037; x_wconf 82' lang='lat' dir='ltr'><strong>Tum</strong></span> <span class='ocrx_word' id='word_1_127' title='bbox 516 2001 581 2037; x_wconf 87' lang='lat' dir='ltr'><strong>vero</strong></span> <span class='ocrx_word' id='word_1_128' title='bbox 600 1986 710 2052; x_wconf 90' lang='lat' dir='ltr'><strong>ancipiti</strong></span> <span class='ocrx_word' id='word_1_129' title='bbox 729 1988 851 2038; x_wconf 90' lang='lat' dir='ltr'><strong>mentem</strong></span> <span class='ocrx_word' id='word_1_130' title='bbox 869 1983 1015 2038; x_wconf 87' lang='lat' dir='ltr'><strong>formidine</strong></span> <span class='ocrx_word' id='word_1_131' title='bbox 1032 1999 1144 2051; x_wconf 84' lang='lat' dir='ltr'><strong>pressus</strong></span> <span class='ocrx_word' id='word_1_132' title='bbox 1236 2043 1238 2048; x_wconf 57' lang='grc'>,</span> 
     </span>
     <span class='ocr_line' id='line_1_21' title="bbox 396 2059 1227 2190; baseline 0.002 -77"><span class='ocrx_word' id='word_1_133' title='bbox 396 2059 530 2129; x_wconf 88' lang='lat' dir='ltr'><strong>Obstipui,</strong></span> <span class='ocrx_word' id='word_1_134' title='bbox 549 2064 740 2190; x_wconf 43' lang='lat' dir='ltr'><strong>steteruntffiurq</strong></span> <span class='ocrx_word' id='word_1_135' title='bbox 760 2078 852 2115; x_wconf 88' lang='lat' dir='ltr'><strong>comae</strong></span> <span class='ocrx_word' id='word_1_136' title='bbox 870 2064 900 2115; x_wconf 91' lang='lat' dir='ltr'><strong>et</strong></span> <span class='ocrx_word' id='word_1_137' title='bbox 917 2077 970 2114; x_wconf 90' lang='lat' dir='ltr'><strong>vox</strong></span> <span class='ocrx_word' id='word_1_138' title='bbox 987 2059 1112 2113; x_wconf 87' lang='lat' dir='ltr'><strong>faucibus</strong></span> <span class='ocrx_word' id='word_1_139' title='bbox 1128 2059 1227 2115; x_wconf 67' lang='lat' dir='ltr'><strong>haedt</strong></span> 
     </span>
     <span class='ocr_line' id='line_1_22' title="bbox 396 2135 1233 2206; baseline 0.002 -19"><span class='ocrx_word' id='word_1_140' title='bbox 396 2135 477 2188; x_wconf 90' lang='lat' dir='ltr'><strong>Hunc</strong></span> <span class='ocrx_word' id='word_1_141' title='bbox 497 2135 660 2203; x_wconf 85' lang='lat' dir='ltr'><strong>Polydorum</strong></span> <span class='ocrx_word' id='word_1_142' title='bbox 679 2153 696 2189; x_wconf 90' lang='lat' dir='ltr'><strong>a</strong></span> <span class='ocrx_word' id='word_1_143' title='bbox 731 2137 737 2149; x_wconf 87' lang='lat'>&#39;</span> <span class='ocrx_word' id='word_1_144' title='bbox 757 2139 895 2206; x_wconf 87' lang='lat' dir='ltr'><strong>quondam</strong></span> <span class='ocrx_word' id='word_1_145' title='bbox 913 2153 975 2191; x_wconf 90' lang='lat' dir='ltr'><strong>cum</strong></span> <span class='ocrx_word' id='word_1_146' title='bbox 992 2135 1113 2205; x_wconf 90' lang='lat' dir='ltr'><strong>pondere</strong></span> <span class='ocrx_word' id='word_1_147' title='bbox 1130 2151 1233 2204; x_wconf 79' lang='lat' dir='ltr'><strong>magno</strong></span> 
     </span>
     <span class='ocr_line' id='line_1_23' title="bbox 396 2211 1254 2267; baseline 0.005 -4"><span class='ocrx_word' id='word_1_148' title='bbox 396 2211 496 2264; x_wconf 83' lang='lat' dir='ltr'><strong>Infelix</strong></span> <span class='ocrx_word' id='word_1_149' title='bbox 515 2211 639 2264; x_wconf 87' lang='lat' dir='ltr'><strong>Priamus</strong></span> <span class='ocrx_word' id='word_1_150' title='bbox 656 2212 750 2266; x_wconf 89' lang='lat' dir='ltr'><strong>furtim</strong></span> <span class='ocrx_word' id='word_1_151' title='bbox 768 2214 914 2267; x_wconf 87' lang='lat' dir='ltr'><strong>mandarat</strong></span> <span class='ocrx_word' id='word_1_152' title='bbox 931 2212 1059 2266; x_wconf 88' lang='lat' dir='ltr'><strong>alendum</strong></span> <span class='ocrx_word' id='word_1_153' title='bbox 1228 2226 1254 2267; x_wconf 81' lang='grc' dir='ltr'><em>ω</em></span> 
     </span>
     <span class='ocr_line' id='line_1_24' title="bbox 396 2287 1013 2361; baseline 0 -21"><span class='ocrx_word' id='word_1_154' title='bbox 396 2287 520 2340; x_wconf 79' lang='lat' dir='ltr'><strong>Threicio</strong></span> <span class='ocrx_word' id='word_1_155' title='bbox 537 2289 604 2356; x_wconf 79' lang='lat' dir='ltr'><strong>regi,</strong></span> <span class='ocrx_word' id='word_1_156' title='bbox 623 2306 683 2361; x_wconf 90' lang='lat' dir='ltr'><strong>cum</strong></span> <span class='ocrx_word' id='word_1_157' title='bbox 700 2290 754 2342; x_wconf 90' lang='lat' dir='ltr'><strong>iam</strong></span> <span class='ocrx_word' id='word_1_158' title='bbox 773 2290 913 2343; x_wconf 89' lang='lat' dir='ltr'><strong>diffideret</strong></span> <span class='ocrx_word' id='word_1_159' title='bbox 930 2288 1013 2342; x_wconf 89' lang='lat' dir='ltr'><strong>armis</strong></span> 
     </span>
     <span class='ocr_line' id='line_1_25' title="bbox 396 2362 1103 2435; baseline 0.001 -18"><span class='ocrx_word' id='word_1_160' title='bbox 396 2362 551 2419; x_wconf 85' lang='lat' dir='ltr'><strong>Dardaniae</strong></span> <span class='ocrx_word' id='word_1_161' title='bbox 568 2366 696 2435; x_wconf 84' lang='lat' dir='ltr'><strong>cingique</strong></span> <span class='ocrx_word' id='word_1_162' title='bbox 714 2366 810 2421; x_wconf 90' lang='lat' dir='ltr'><strong>urbem</strong></span> <span class='ocrx_word' id='word_1_163' title='bbox 829 2366 970 2420; x_wconf 89' lang='lat' dir='ltr'><strong>obsidione</strong></span> <span class='ocrx_word' id='word_1_164' title='bbox 987 2365 1103 2419; x_wconf 89' lang='lat' dir='ltr'><strong>videret.</strong></span> 
     </span>
    </p>

    <p class='ocr_par' dir='ltr' id='par_1_11' title="bbox 359 2441 1255 3663">
     <span class='ocr_line' id='line_1_26' title="bbox 397 2441 1194 2511; baseline 0 -18"><span class='ocrx_word' id='word_1_165' title='bbox 397 2441 456 2508; x_wconf 91' lang='lat' dir='ltr'><strong>Illo,</strong></span> <span class='ocrx_word' id='word_1_166' title='bbox 473 2446 505 2496; x_wconf 91' lang='lat' dir='ltr'><strong>ut</strong></span> <span class='ocrx_word' id='word_1_167' title='bbox 523 2459 588 2511; x_wconf 89' lang='lat' dir='ltr'><strong>opes</strong></span> <span class='ocrx_word' id='word_1_168' title='bbox 606 2442 709 2496; x_wconf 82' lang='lat' dir='ltr'><strong>fractae</strong></span> <span class='ocrx_word' id='word_1_169' title='bbox 729 2443 869 2510; x_wconf 81' lang='lat' dir='ltr'><strong>Teucrum,</strong></span> <span class='ocrx_word' id='word_1_170' title='bbox 886 2446 916 2496; x_wconf 91' lang='lat' dir='ltr'><strong>et</strong></span> <span class='ocrx_word' id='word_1_171' title='bbox 934 2442 1056 2494; x_wconf 84' lang='lat' dir='ltr'><strong>Fortuna</strong></span> <span class='ocrx_word' id='word_1_172' title='bbox 1072 2441 1194 2510; x_wconf 84' lang='lat' dir='ltr'><strong>recessit,</strong></span> 
     </span>
     <span class='ocr_line' id='line_1_27' title="bbox 396 2516 1121 2587; baseline 0.003 -18"><span class='ocrx_word' id='word_1_173' title='bbox 396 2516 453 2570; x_wconf 80' lang='lat' dir='ltr'><strong>Itos</strong></span> <span class='ocrx_word' id='word_1_174' title='bbox 472 2521 701 2586; x_wconf 87' lang='lat' dir='ltr'><strong>Agamemnonias</strong></span> <span class='ocrx_word' id='word_1_175' title='bbox 719 2520 894 2587; x_wconf 83' lang='lat' dir='ltr'><strong>victriciaque</strong></span> <span class='ocrx_word' id='word_1_176' title='bbox 911 2535 987 2571; x_wconf 87' lang='lat' dir='ltr'><strong>arma</strong></span> <span class='ocrx_word' id='word_1_177' title='bbox 1004 2520 1121 2584; x_wconf 85' lang='lat' dir='ltr'><strong>secutus,</strong></span> 
     </span>
     <span class='ocr_line' id='line_1_28' title="bbox 396 2591 1253 2664; baseline 0.004 -19"><span class='ocrx_word' id='word_1_178' title='bbox 396 2591 451 2645; x_wconf 83' lang='lat' dir='ltr'><strong>Fas</strong></span> <span class='ocrx_word' id='word_1_179' title='bbox 463 2609 542 2647; x_wconf 92' lang='lat' dir='ltr'><strong>omne</strong></span> <span class='ocrx_word' id='word_1_180' title='bbox 554 2593 704 2663; x_wconf 87' lang='lat' dir='ltr'><strong>abrumpit;</strong></span> <span class='ocrx_word' id='word_1_181' title='bbox 719 2595 882 2663; x_wconf 89' lang='lat' dir='ltr'><strong>Polydorum</strong></span> <span class='ocrx_word' id='word_1_182' title='bbox 890 2594 1046 2664; x_wconf 84' lang='lat' dir='ltr'><strong>obtruncat,</strong></span> <span class='ocrx_word' id='word_1_183' title='bbox 1059 2595 1088 2646; x_wconf 90' lang='lat' dir='ltr'><strong>et</strong></span> <span class='ocrx_word' id='word_1_184' title='bbox 1101 2608 1167 2647; x_wconf 88' lang='lat' dir='ltr'><strong>auro</strong></span> <span class='ocrx_word' id='word_1_185' title='bbox 1228 2607 1253 2648; x_wconf 76' lang='lat' dir='ltr'><strong>ts</strong></span> 
     </span>
     <span class='ocr_line' id='line_1_29' title="bbox 396 2667 1112 2739; baseline 0.001 -18"><span class='ocrx_word' id='word_1_186' title='bbox 396 2668 433 2721; x_wconf 92' lang='lat' dir='ltr'><strong>Vi</strong></span> <span class='ocrx_word' id='word_1_187' title='bbox 450 2670 562 2736; x_wconf 92' lang='lat' dir='ltr'><strong>potitur.</strong></span> <span class='ocrx_word' id='word_1_188' title='bbox 598 2671 671 2733; x_wconf 78' lang='lat' dir='ltr'><strong>Quid</strong></span> <span class='ocrx_word' id='word_1_189' title='bbox 689 2688 741 2723; x_wconf 90' lang='lat' dir='ltr'><strong>non</strong></span> <span class='ocrx_word' id='word_1_190' title='bbox 760 2669 886 2724; x_wconf 88' lang='lat' dir='ltr'><strong>mortalia</strong></span> <span class='ocrx_word' id='word_1_191' title='bbox 898 2667 1014 2739; x_wconf 78' lang='lat' dir='ltr'><strong>&#39;pectora</strong></span> <span class='ocrx_word' id='word_1_192' title='bbox 1031 2668 1112 2736; x_wconf 83' lang='lat' dir='ltr'><strong>cogis,</strong></span> 
     </span>
     <span class='ocr_line' id='line_1_30' title="bbox 397 2743 1189 2815; baseline 0.001 -19"><span class='ocrx_word' id='word_1_193' title='bbox 397 2744 467 2797; x_wconf 90' lang='lat' dir='ltr'><strong>Auri</strong></span> <span class='ocrx_word' id='word_1_194' title='bbox 486 2762 563 2798; x_wconf 86' lang='lat' dir='ltr'><strong>sacra</strong></span> <span class='ocrx_word' id='word_1_195' title='bbox 579 2746 682 2801; x_wconf 81' lang='lat' dir='ltr'><strong>famesl</strong></span> <span class='ocrx_word' id='word_1_196' title='bbox 721 2747 871 2815; x_wconf 88' lang='lat' dir='ltr'><strong>Postquam</strong></span> <span class='ocrx_word' id='word_1_197' title='bbox 889 2763 974 2815; x_wconf 87' lang='lat' dir='ltr'><strong>pavor</strong></span> <span class='ocrx_word' id='word_1_198' title='bbox 991 2762 1052 2799; x_wconf 90' lang='lat' dir='ltr'><strong>ossa</strong></span> <span class='ocrx_word' id='word_1_199' title='bbox 1068 2743 1189 2813; x_wconf 87' lang='lat' dir='ltr'><strong>reliquit,</strong></span> 
     </span>
     <span class='ocr_line' id='line_1_31' title="bbox 396 2819 1183 2891; baseline 0.001 -19"><span class='ocrx_word' id='word_1_200' title='bbox 396 2819 523 2873; x_wconf 89' lang='lat' dir='ltr'><strong>Delectos</strong></span> <span class='ocrx_word' id='word_1_201' title='bbox 540 2821 633 2890; x_wconf 89' lang='lat' dir='ltr'><strong>populi</strong></span> <span class='ocrx_word' id='word_1_202' title='bbox 651 2821 687 2874; x_wconf 90' lang='lat' dir='ltr'><strong>ad</strong></span> <span class='ocrx_word' id='word_1_203' title='bbox 703 2839 832 2890; x_wconf 87' lang='lat' dir='ltr'><strong>proceres</strong></span> <span class='ocrx_word' id='word_1_204' title='bbox 848 2824 1022 2891; x_wconf 90' lang='lat' dir='ltr'><strong>primumque</strong></span> <span class='ocrx_word' id='word_1_205' title='bbox 1038 2826 1183 2889; x_wconf 87' lang='lat' dir='ltr'><strong>parentem</strong></span> 
     </span>
     <span class='ocr_line' id='line_1_32' title="bbox 396 2895 1199 2968; baseline 0.002 -19"><span class='ocrx_word' id='word_1_206' title='bbox 396 2895 522 2950; x_wconf 87' lang='lat' dir='ltr'><strong>Monstra</strong></span> <span class='ocrx_word' id='word_1_207' title='bbox 539 2897 620 2951; x_wconf 90' lang='lat' dir='ltr'><strong>deum</strong></span> <span class='ocrx_word' id='word_1_208' title='bbox 638 2898 733 2964; x_wconf 81' lang='lat' dir='ltr'><strong>refero,</strong></span> <span class='ocrx_word' id='word_1_209' title='bbox 751 2902 788 2967; x_wconf 87' lang='lat' dir='ltr'><strong>et,</strong></span> <span class='ocrx_word' id='word_1_210' title='bbox 806 2916 877 2968; x_wconf 88' lang='lat' dir='ltr'><strong>quae</strong></span> <span class='ocrx_word' id='word_1_211' title='bbox 895 2900 931 2952; x_wconf 92' lang='lat' dir='ltr'><strong>sit</strong></span> <span class='ocrx_word' id='word_1_212' title='bbox 949 2898 1091 2963; x_wconf 87' lang='lat' dir='ltr'><strong>sententia,</strong></span> <span class='ocrx_word' id='word_1_213' title='bbox 1110 2912 1199 2965; x_wconf 88' lang='lat' dir='ltr'><strong>posco.</strong></span> 
     </span>
     <span class='ocr_line' id='line_1_33' title="bbox 396 2971 1253 3042; baseline 0.005 -17"><span class='ocrx_word' id='word_1_214' title='bbox 396 2971 529 3027; x_wconf 86' lang='lat' dir='ltr'><strong>Omnibus</strong></span> <span class='ocrx_word' id='word_1_215' title='bbox 546 2974 619 3027; x_wconf 91' lang='lat' dir='ltr'><strong>idem</strong></span> <span class='ocrx_word' id='word_1_216' title='bbox 637 2975 751 3042; x_wconf 88' lang='lat' dir='ltr'><strong>animus,</strong></span> <span class='ocrx_word' id='word_1_217' title='bbox 770 2976 904 3029; x_wconf 87' lang='lat' dir='ltr'><strong>scelerata</strong></span> <span class='ocrx_word' id='word_1_218' title='bbox 922 2974 1056 3028; x_wconf 81' lang='lat' dir='ltr'><strong>excedere</strong></span> <span class='ocrx_word' id='word_1_219' title='bbox 1074 2980 1158 3041; x_wconf 79' lang='lat' dir='ltr'><strong>terra,</strong></span> <span class='ocrx_word' id='word_1_220' title='bbox 1228 2990 1253 3029; x_wconf 84' lang='lat' dir='ltr'><strong>oo</strong></span> 
     </span>
     <span class='ocr_line' id='line_1_34' title="bbox 396 3047 1241 3120; baseline 0.004 -18"><span class='ocrx_word' id='word_1_221' title='bbox 396 3047 495 3118; x_wconf 87' lang='lat' dir='ltr'><strong>Linqui</strong></span> <span class='ocrx_word' id='word_1_222' title='bbox 512 3050 647 3118; x_wconf 92' lang='lat' dir='ltr'><strong>pollutum</strong></span> <span class='ocrx_word' id='word_1_223' title='bbox 666 3050 822 3120; x_wconf 90' lang='lat' dir='ltr'><strong>hospitium,</strong></span> <span class='ocrx_word' id='word_1_224' title='bbox 841 3055 871 3106; x_wconf 89' lang='lat' dir='ltr'><strong>et</strong></span> <span class='ocrx_word' id='word_1_225' title='bbox 889 3052 956 3105; x_wconf 89' lang='lat' dir='ltr'><strong>darc</strong></span> <span class='ocrx_word' id='word_1_226' title='bbox 974 3049 1106 3103; x_wconf 86' lang='lat' dir='ltr'><strong>classibus</strong></span> <span class='ocrx_word' id='word_1_227' title='bbox 1123 3052 1241 3105; x_wconf 79' lang='lat' dir='ltr'><strong>austros</strong></span> 
     </span>
     <span class='ocr_line' id='line_1_35' title="bbox 396 3124 1098 3196; baseline 0.001 -19"><span class='ocrx_word' id='word_1_228' title='bbox 396 3124 470 3192; x_wconf 84' lang='lat' dir='ltr'><strong>Ergo</strong></span> <span class='ocrx_word' id='word_1_229' title='bbox 487 3126 670 3180; x_wconf 86' lang='lat' dir='ltr'><strong>instauramus</strong></span> <span class='ocrx_word' id='word_1_230' title='bbox 689 3128 824 3196; x_wconf 89' lang='lat' dir='ltr'><strong>Polydoro</strong></span> <span class='ocrx_word' id='word_1_231' title='bbox 842 3128 937 3181; x_wconf 83' lang='lat' dir='ltr'><strong>funus:</strong></span> <span class='ocrx_word' id='word_1_232' title='bbox 956 3131 986 3181; x_wconf 88' lang='lat' dir='ltr'><strong>et</strong></span> <span class='ocrx_word' id='word_1_233' title='bbox 1002 3127 1098 3193; x_wconf 86' lang='lat' dir='ltr'><strong>ingens</strong></span> 
     </span>
     <span class='ocr_line' id='line_1_36' title="bbox 396 3200 1117 3270; baseline 0.006 -18"><span class='ocrx_word' id='word_1_234' title='bbox 396 3200 548 3267; x_wconf 88' lang='lat' dir='ltr'><strong>Aggeritur</strong></span> <span class='ocrx_word' id='word_1_235' title='bbox 565 3203 669 3257; x_wconf 91' lang='lat' dir='ltr'><strong>tumulo</strong></span> <span class='ocrx_word' id='word_1_236' title='bbox 688 3203 786 3270; x_wconf 89' lang='lat' dir='ltr'><strong>tellus;</strong></span> <span class='ocrx_word' id='word_1_237' title='bbox 804 3207 880 3258; x_wconf 87' lang='lat' dir='ltr'><strong>stant</strong></span> <span class='ocrx_word' id='word_1_238' title='bbox 899 3203 1027 3257; x_wconf 90' lang='lat' dir='ltr'><strong>Manibus</strong></span> <span class='ocrx_word' id='word_1_239' title='bbox 1044 3217 1117 3269; x_wconf 83' lang='lat' dir='ltr'><strong>arae,</strong></span> 
     </span>
     <span class='ocr_line' id='line_1_37' title="bbox 396 3276 1052 3349; baseline 0.005 -21"><span class='ocrx_word' id='word_1_240' title='bbox 396 3276 534 3331; x_wconf 76' lang='lat' dir='ltr'><strong>Caeruleis</strong></span> <span class='ocrx_word' id='word_1_241' title='bbox 551 3283 672 3333; x_wconf 87' lang='lat' dir='ltr'><strong>maestae</strong></span> <span class='ocrx_word' id='word_1_242' title='bbox 689 3281 767 3334; x_wconf 89' lang='lat' dir='ltr'><strong>vittis</strong></span> <span class='ocrx_word' id='word_1_243' title='bbox 784 3284 899 3349; x_wconf 85' lang='lat' dir='ltr'><strong>atraque</strong></span> <span class='ocrx_word' id='word_1_244' title='bbox 916 3294 1052 3348; x_wconf 89' lang='lat' dir='ltr'><strong>cupresso,</strong></span> 
     </span>
     <span class='ocr_line' id='line_1_38' title="bbox 396 3349 1255 3417; baseline 0.005 -14"><span class='ocrx_word' id='word_1_245' title='bbox 396 3349 433 3404; x_wconf 84' lang='lat' dir='ltr'><strong>Et</strong></span> <span class='ocrx_word' id='word_1_246' title='bbox 450 3353 549 3406; x_wconf 91' lang='lat' dir='ltr'><strong>circum</strong></span> <span class='ocrx_word' id='word_1_247' title='bbox 569 3355 671 3409; x_wconf 89' lang='lat' dir='ltr'><strong>Iliades</strong></span> <span class='ocrx_word' id='word_1_248' title='bbox 689 3357 791 3410; x_wconf 88' lang='lat' dir='ltr'><strong>crinem</strong></span> <span class='ocrx_word' id='word_1_249' title='bbox 809 3355 846 3409; x_wconf 91' lang='lat' dir='ltr'><strong>de</strong></span> <span class='ocrx_word' id='word_1_250' title='bbox 863 3372 939 3409; x_wconf 88' lang='lat' dir='ltr'><strong>more</strong></span> <span class='ocrx_word' id='word_1_251' title='bbox 957 3354 1077 3417; x_wconf 87' lang='lat' dir='ltr'><strong>solutae;</strong></span> <span class='ocrx_word' id='word_1_252' title='bbox 1228 3367 1255 3407; x_wconf 73' lang='grc' dir='ltr'>ω</span> 
     </span>
     <span class='ocr_line' id='line_1_39' title="bbox 381 3425 1045 3506; baseline 0.008 -29"><span class='ocrx_word' id='word_1_253' title='bbox 381 3425 535 3483; x_wconf 73' lang='lat' dir='ltr'><strong>Inserrmus</strong></span> <span class='ocrx_word' id='word_1_254' title='bbox 555 3433 651 3502; x_wconf 88' lang='lat' dir='ltr'><strong>tepido</strong></span> <span class='ocrx_word' id='word_1_255' title='bbox 669 3434 833 3506; x_wconf 87' lang='lat' dir='ltr'><strong>spumantia</strong></span> <span class='ocrx_word' id='word_1_256' title='bbox 849 3430 958 3501; x_wconf 84' lang='lat' dir='ltr'><strong>cymbia</strong></span> <span class='ocrx_word' id='word_1_257' title='bbox 968 3431 1045 3483; x_wconf 81' lang='lat' dir='ltr'><strong>lacte</strong></span> 
     </span>
     <span class='ocr_line' id='line_1_40' title="bbox 362 3498 1177 3585; baseline 0 -18"><span class='ocrx_word' id='word_1_258' title='bbox 362 3498 520 3567; x_wconf 57' lang='lat' dir='ltr'><strong>&amp;Hfflfflis</strong></span> <span class='ocrx_word' id='word_1_259' title='bbox 540 3513 570 3564; x_wconf 81' lang='lat' dir='ltr'><strong>et</strong></span> <span class='ocrx_word' id='word_1_260' title='bbox 588 3514 663 3568; x_wconf 85' lang='lat' dir='ltr'><strong>sacri</strong></span> <span class='ocrx_word' id='word_1_261' title='bbox 683 3518 817 3585; x_wconf 83' lang='lat' dir='ltr'><strong>pateres,</strong></span> <span class='ocrx_word' id='word_1_262' title='bbox 832 3510 1014 3573; x_wconf 63' lang='lat' dir='ltr'><strong>animamque</strong></span> <span class='ocrx_word' id='word_1_263' title='bbox 1030 3500 1177 3567; x_wconf 52' lang='lat' dir='ltr'><strong>&amp;ellim</strong></span> 
     </span>
     <span class='ocr_line' id='line_1_41' title="bbox 359 3570 1145 3663; baseline -0.001 -20"><span class='ocrx_word' id='word_1_264' title='bbox 359 3570 524 3653; x_wconf 61' lang='lat' dir='ltr'><strong>Vomanus,</strong></span> <span class='ocrx_word' id='word_1_265' title='bbox 546 3590 579 3644; x_wconf 87' lang='lat' dir='ltr'><strong>et</strong></span> <span class='ocrx_word' id='word_1_266' title='bbox 599 3606 717 3663; x_wconf 82' lang='lat' dir='ltr'><strong>magna</strong></span> <span class='ocrx_word' id='word_1_267' title='bbox 735 3601 916 3663; x_wconf 89' lang='lat' dir='ltr'><strong>supremum</strong></span> <span class='ocrx_word' id='word_1_268' title='bbox 930 3594 1004 3639; x_wconf 71' lang='lat' dir='ltr'><strong>voce</strong></span> <span class='ocrx_word' id='word_1_269' title='bbox 1018 3578 1145 3642; x_wconf 56' lang='lat' dir='ltr'><strong>elem.</strong></span> 
     </span>
    </p>
   </div>
   <div class='ocr_carea' id='block_1_3' title="bbox 0 0 1629 4159">
    <p class='ocr_par' dir='ltr' id='par_1_12' title="bbox 0 0 1629 4159">
     <span class='ocr_line' id='line_1_42' title="bbox 0 0 1629 4159; baseline 0 0"><span class='ocrx_word' id='word_1_270' title='bbox 0 0 1629 4159; x_wconf 95' lang='lat' dir='ltr'><strong> </strong></span> 
     </span>
    </p>
   </div>
  </div>
 </body>
</html>
