3242 4159
627 571 630 575 .
650 528 835 579 AENEIDOS
853 526 921 577 LIB.
940 528 976 579 X.
1145 587 1147 591 ,
1201 535 1248 583 287

395 607 538 676 Ingemuit
555 605 612 660 cari
629 610 750 675 graviter
767 608 901 677 genitoris
918 625 1018 679 amore,

393 684 437 738 Ut
455 683 533 750 sidit,
551 683 664 751 Lausus,
683 684 866 754 lacrimaeque
883 701 999 754 perora
1016 686 1131 741 volutae.
1212 700 1249 742 rso

394 759 453 812 Hic
469 759 566 813 mortis
584 758 670 813 durae
688 776 781 813 casum
798 764 901 829 tuaque
919 764 1032 830 optuma
1048 762 1128 830 facta,

394 834 426 888 si
444 852 499 904 qua
516 835 601 889 fidem
618 839 696 890 tanto
715 840 758 889 est
775 836 852 904 operi
869 836 960 891 latura
976 842 1106 905 vetustas,

394 911 422 963 N
424 925 459 964 on
478 911 613 979 equidem,
630 928 681 966 nec
699 915 734 979 tc,
753 911 859 966 iuvenis
876 914 1059 981 memorande,
1078 914 1171 969 silebo.

395 987 450 1041 ille
466 987 567 1055 podem
584 988 706 1040 rel'crcns
724 992 754 1042 et
770 988 876 1041 inutilis
894 989 977 1057 inque
994 989 1094 1058 ligatus

394 1062 528 1128 Cedebat,
546 1062 688 1130 clipeoque
706 1063 845 1117 inimicum
863 1064 962 1119 hastile
980 1066 1114 1121 trahebat.
1212 1082 1248 1121 aas

395 1138 538 1207 Proripuit
555 1139 660 1191 iuvenis
678 1155 794 1207 seseque
810 1140 950 1193 inmiscuit
967 1142 1057 1208 armis,

394 1213 511 1283 Iamque
529 1214 704 1282 adsurgentis
722 1214 822 1269 dextra
838 1215 1001 1284 plagamque
1018 1217 1132 1271 ferentis

394 1293 508 1343 Aeneae
526 1290 611 1345 subiit
629 1306 792 1357 mucronem,
810 1291 956 1360 ipsumque
973 1293 1106 1346 morando

394 1366 547 1431 Sustinuit3
565 1366 630 1419 socii
647 1383 745 1434 magno
762 1368 880 1421 clamore
898 1372 1057 1435 sequuntur,

393 1442 469 1495 Dum
486 1443 595 1510 genitor
612 1442 670 1495 nati
688 1458 783 1510 parma
800 1446 943 1511 protectus
961 1430 1059 1511 adtinet,
1211 1461 1248 1496 sn

393 1518 514 1587 Telaque
532 1518 688 1584 coniiciunt,
707 1519 929 1588 proturbantque
947 1519 1052 1573 eminus
1069 1519 1177 1572 hostem

393 1594 554 1654 Missilibus.
592 1593 673 1648 Furit
692 1594 809 1664 Aeneas,
827 1598 974 1665 tectusque
991 1600 1070 1650 tenet
1087 1612 1124 1650 se.

394 1672 438 1724 Ac
456 1670 532 1730 velut
549 1670 636 1725 effusa
654 1670 677 1723 si
696 1671 806 1738 quando
824 1672 960 1740 grandine
977 1672 1063 1726 nimbi

393 1747 589 1816 Praecipitant,
608 1747 695 1800 omnis
713 1748 816 1815 campis
833 1748 944 1815 diffugit
962 1752 1061 1815 arator,
1163 1760 1167 1766 ·

392 1823 498 1882 Omnis.
508 1827 537 1877 et
554 1823 680 1891 agricola,
698 1827 728 1877 et
744 1826 807 1876 tuta
825 1824 894 1877 latet
911 1840 974 1877 arce
992 1823 1088 1891 viator,
1210 1841 1246 1878 soe

372 1902 375 1909 '
394 1900 454 1953 Aut
471 1900 559 1953 amnis
576 1900 650 1967 ripis,
668 1903 717 1953 aut
734 1899 783 1953 alti
801 1899 904 1953 fornice
921 1900 988 1967 saxi,

392 1975 466 2028 Dum
483 1976 555 2044 pluit
572 1976 601 2028 in
618 1976 709 2041 terris,
728 1978 760 2028 ut
778 1975 882 2043 possint
900 1974 957 2028 sole
975 1973 1090 2028 reducto

392 2052 530 2105 Exarsere
547 2051 633 2105 diem:
656 2051 695 2105 sic
713 2051 828 2105 obrutus
845 2051 968 2119 undique
985 2051 1047 2105 telis

393 2129 509 2181 Aeneas
521 2128 621 2181 nubem
639 2127 712 2196 belli,
730 2128 797 2181 dum
815 2128 931 2181 detenet
948 2128 1043 2195 omnis,

392 2203 522 2267 Sustinet,
539 2208 570 2257 et
588 2204 707 2257 Lausum
725 2204 873 2272 increpitat
891 2203 1035 2271 Lausoque
1052 2204 1184 2260 minatur:
1208 2221 1246 2259 sio

392 2279 453 2343 Quo
471 2281 604 2333 moriture
622 2279 687 2345 ruis,
703 2280 861 2347 maioraque
879 2279 983 2333 viribus
1000 2279 1106 2333 audesl

392 2355 476 2410 Fallit
493 2359 523 2410 to
539 2356 678 2410 incautum
696 2356 784 2423 pietas
801 2359 857 2408 tua
892 2354 918 2407 N
921 2371 952 2408 ec
969 2356 1058 2407 minus
1075 2354 1122 2408 ille

392 2432 521 2485 Exsultat
539 2431 666 2495 demens;
695 2447 792 2484 saevae
810 2430 920 2497 iamque
938 2430 1021 2483 altius
1038 2429 1095 2482 irae

391 2507 531 2561 Dardanio
550 2511 666 2575 surgunt
684 2506 799 2573 ductori,
818 2510 997 2573 extremaque
1016 2504 1105 2558 Lauso

391 2583 495 2637 Parcae
512 2583 559 2636 fila
575 2583 683 2651 legunt:
702 2583 822 2636 validum
841 2598 959 2648 namque
977 2581 1064 2648 exigit
1081 2597 1175 2634 ensem
1208 2598 1245 2635 s1s

391 2658 447 2711 Per
464 2658 586 2713 medium
607 2662 714 2712 Aeneas
732 2658 865 2724 iuvenem,
884 2660 1029 2725 totumquo
1046 2655 1180 2709 recondit.

390 2733 512 2788 Transiit
529 2738 559 2788 et
576 2751 699 2803 parmam
716 2750 819 2800 mucro,
837 2733 908 2787 levia
926 2750 1002 2787 arma
1019 2733 1139 2800 minacis,

391 2811 428 2863 llt
446 2810 573 2876 tunicam,
591 2810 665 2862 molli
683 2814 772 2863 mater
790 2826 872 2878 quam
890 2813 1003 2864 neverat
1020 2826 1094 2877 auro,

391 2885 565 2954 Inpleritque
582 2885 671 2938 sinum
689 2886 814 2953 sanguis;
831 2888 891 2938 tum
909 2886 967 2940 vita
983 2902 1033 2954 per
1050 2901 1130 2937 auras

389 2961 532 3015 Concessit
549 2964 654 3014 maesta
672 2961 709 3013 ad
726 2961 824 3029 Manis,
842 2977 995 3028 corpusque
1013 2960 1131 3024 reliquit.
1207 2974 1244 3011 sao

390 3040 432 3090 ‘At
450 3053 514 3089 vero
531 3041 564 3091 ut
581 3035 685 3090 voltum
703 3036 774 3090 vidit
790 3036 932 3089 morientis
950 3039 979 3088 et
996 3050 1052 3099 ora,

389 3112 447 3165 Ora
463 3112 553 3166 modis
574 3112 753 3166 Anchisiades
771 3111 901 3181 pallentia
918 3110 1003 3176 miris,

389 3188 532 3255 Ingemuit
549 3188 681 3241 miserans
698 3187 827 3253 graviter,
846 3186 1028 3252 dextramque
1046 3183 1173 3249 tetendit,

388 3264 427 3317 itt
444 3268 564 3317 mentem
582 3264 690 3332 patriae
708 3263 792 3317 subiit
810 3262 922 3330 pietatis
939 3262 1037 3328 imago.

387 3338 463 3404 Quid
480 3338 533 3393 tibi
551 3355 631 3405 nunc,
649 3338 805 3392 miserande
823 3354 899 3406 puer,
910 3353 960 3405 pro
978 3334 1105 3390 laudibus
1123 3335 1193 3396 istis,
1205 3346 1242 3385 aas
1268 3311 1275 3406 l

387 3414 463 3480 Quid
477 3415 542 3483 pius
559 3416 669 3469 Aeneas
685 3417 765 3469 tanta
782 3413 863 3469 dabit
877 3412 974 3467 indole
990 3412 1128 3480 dignum&

377 3493 474 3555 Arma,
493 3490 596 3558 quibus
615 3492 748 3563 laetatus,
760 3492 840 3549 habe
857 3496 928 3559 tuac,
941 3495 1035 3560 teque
1049 3486 1213 3555 ostentm

364 3562 499 3618 Manibus
518 3568 660 3641 etcineri,
681 3572 706 3628 si
725 3589 789 3645 qna
807 3576 916 3629 estes.
934 3584 1019 3637 cm
1030 3561 1174 3620 teutm-
