3242 4159
656 518 841 571 AENEIDOS
863 521 933 573 LIB.
954 522 1003 571 Vl.
1204 514 1251 562 189

400 598 484 655 Idem
501 602 548 655 ter
563 598 651 656 socios
666 616 737 671 pura
753 600 920 657 circumtulit
935 602 1016 671 unda,

399 677 542 747 Spargcus
557 692 622 733 roro
637 676 692 732 levi
709 680 739 731 et
755 694 832 732 ramo
848 678 935 733 felicis
951 678 1045 747 olivae,
1219 692 1255 732 mo

397 753 600 822 Lustravitque
617 753 699 823 viros,
718 754 844 824 dixitque
860 754 1006 809 novissima
1021 756 1113 812 verba

398 830 442 884 At
458 829 522 899 pius
540 830 651 883 Aeneas
666 829 774 897 ingenti
790 830 863 885 mole
880 831 1054 899 sepulchrum

397 905 522 975 Inponit,
539 920 644 974 suaque
660 921 737 960 arma
753 906 812 959 viro
829 922 989 979 remumque
1006 907 1165 977 tubamque,

396 982 498 1036 Monte
515 981 566 1037 sub
583 981 665 1047 aerio,
683 982 731 1051 qui
748 998 820 1037 nunc
836 982 958 1037 Misenus
974 983 1010 1037 ab
1027 984 1073 1037 illo

396 1059 517 1127 Dicitur,
534 1061 732 1129 aeternumque
748 1061 827 1113 tenet
843 1075 894 1129 per
911 1060 1018 1114 saecula
1033 1076 1141 1115 nomen.
1216 1075 1253 1115 aas

433 1136 490 1190 His
506 1134 575 1189 actis
592 1151 709 1205 propere
726 1135 887 1205 exsequitur
903 1139 1049 1204 praecepta
1066 1136 1191 1206 Sibyllae.

395 1211 536 1281 Spelunca
552 1210 610 1266 alta
625 1211 679 1265 fuit
695 1214 830 1281 vastoque
846 1210 961 1266 inmanis
977 1211 1063 1277 hiatu,

395 1287 527 1357 Semper,
545 1289 608 1341 tnta
625 1286 686 1341 lacn
701 1287 780 1355 nigro
798 1303 995 1355 nemorumque
1012 1287 1142 1356 tenebris,

396 1364 488 1430 Quam
505 1379 588 1431 super
605 1362 680 1417 haud
695 1363 768 1417 ullae
785 1366 915 1432 poterant
931 1364 1033 1432 inpune
1051 1364 1174 1419 volantes

395 1440 526 1495 Tendere
542 1440 597 1493 iter
614 1440 722 1509 pennis:
741 1440 804 1494 talis
822 1456 882 1494 sese
898 1440 1000 1494 halitus
1017 1439 1085 1494 atris
1214 1454 1252 1494 aro

395 1514 535 1571 Faucibus
551 1514 693 1571 effimdeus
710 1532 809 1585 supera
826 1517 863 1571 ad
880 1533 999 1571 convexa
1015 1515 1134 1572 ferebat:

394 1590 493 1662 [Unde
510 1590 600 1646 loonm
618 1592 694 1646 Graii
711 1592 842 1647 dixerunt
858 1593 968 1647 nomine
985 1591 1117 1661 Aornum]

396 1668 536 1733 Quattuor
552 1667 597 1721 hic
613 1667 733 1737 primum
751 1668 885 1736 nigrantis
902 1671 982 1736 terga
998 1669 1126 1722 iuvencos

396 1743 549 1799 Constituit
565 1743 705 1812 frontique
722 1744 842 1813 invergit
858 1745 921 1798 vina
937 1745 1071 1811 sacerdos,

395 1820 436 1876 Et
453 1836 573 1873 summas
590 1836 703 1889 carpens
720 1820 813 1875 media
828 1820 902 1873 inter
919 1835 1021 1873 cornua
1037 1822 1127 1874 saetas
1212 1834 1249 1874 aso

396 1895 515 1965 Ignibus
531 1895 638 1965 inponit
655 1896 747 1963 sacris,
765 1896 894 1949 libamina
910 1895 1006 1964 prima
1108 1939 1110 1942 .

394 1972 474 2027 Voce
490 1988 590 2026 vocans
607 1972 740 2040 Hecaten,
759 1972 894 2041 Caeloque
912 1970 1056 2041 Ereboque
1072 1975 1220 2041 potentem.

396 2049 561 2117 Supponunt
578 2047 625 2102 alii
643 2048 752 2114 cultros,
770 2048 951 2117 tepidumque
968 2064 1093 2104 cruorem

397 2124 557 2194 Sucoipiunt
573 2124 683 2193 pateris.
720 2124 786 2193 Ipse
802 2124 857 2178 atri
874 2124 982 2178 velleris
999 2141 1098 2193 agnam

397 2203 509 2256 Aeneas
525 2200 609 2256 matri
627 2200 810 2255 Eumenidum
827 2217 996 2271 magnaeque
1014 2202 1101 2255 sorori
1211 2215 1248 2255 aso

397 2278 471 2332 Ense
488 2277 560 2345 ferit,
578 2275 755 2344 sterilemque
772 2276 831 2342 tibi,
850 2276 1019 2345 Proserpina
1035 2292 1152 2331 mecam.

396 2353 467 2407 'l'um
484 2354 579 2422 Stygio
596 2353 655 2421 regi
673 2355 820 2406 nocturnas
836 2351 945 2406 inchoat
962 2368 1031 2419 aras,

397 2430 434 2484 Et
452 2430 538 2484 solida
555 2430 660 2498 inponit
676 2431 819 2483 taurorum
835 2427 940 2481 viscera
957 2427 1080 2495 dammis,

397 2506 503 2574 Pingue
520 2522 602 2574 super
619 2505 708 2559 oleum
725 2502 871 2559 infundens
889 2502 1049 2556 ardentibus
1065 2501 1145 2557 extis.

396 2582 467 2636 Ecce
484 2586 584 2649 autem,
601 2582 682 2651 primi
699 2579 751 2633 sub
768 2580 870 2633 lumina
887 2578 951 2633 solis
968 2581 997 2632 et
1013 2582 1090 2633 ortus
1210 2593 1247 2631 aas

396 2656 455 2713 Sub
471 2657 588 2727 mdibus
605 2657 711 2725 mugire
728 2656 823 2721 solum,
840 2659 870 2710 et
886 2655 951 2724 iuga
967 2657 1063 2724 coepta
1079 2654 1183 2709 moveri

396 2734 539 2802 Silvarum,
557 2735 684 2802 visaeque
701 2749 781 2789 canes
798 2732 904 2787 ululare
921 2748 972 2801 per
988 2731 1121 2797 umbram,

397 2810 576 2865 Adventante
593 2809 653 2863 dea.
689 2809 786 2864 Procul
805 2826 830 2879 o,
847 2808 941 2879 procul
959 2811 1027 2878 este,
1043 2806 1158 2877 profani,

397 2887 556 2941 Conclamat
572 2889 657 2954 vates,
675 2889 789 2957 totoque
807 2886 933 2941 absistite
949 2885 1024 2950 lueo;

396 2962 493 3032 Tuque
510 2962 609 3016 invade
625 2961 705 3029 viam,
722 2963 876 3031 vaginaque
894 2960 971 3029 eripe
987 2960 1106 3037 ferrum3
1209 2970 1245 3010 aaa

396 3039 423 3092 N
424 3055 477 3093 unc
494 3038 589 3092 animis
606 3054 681 3106 epus,
700 3039 802 3104 Aenea
820 3054 891 3091 nunc
908 3039 1019 3105 pectore
1035 3035 1124 3089 firmo.

396 3114 515 3170 Tantum
533 3115 620 3180 effata
637 3115 732 3169 furens
749 3118 830 3168 antro
848 3128 877 3165 se
894 3111 997 3165 inmisit
1014 3112 1125 3178 aperto;

397 3191 450 3245 Ille
468 3190 566 3245 ducem
583 3190 658 3243 haud
674 3189 780 3244 timidis
796 3187 943 3242 vadentem
960 3184 1085 3253 passibus
1101 3187 1210 3251 aequat.

431 3267 474 3335 Di,
505 3268 604 3337 quibus
632 3266 766 3335 inperium
795 3267 839 3318 est
874 3260 1034 3328 animarum,
1069 3257 1245 3328 Umbaaeque

500 3344 620 3410 silentes,

389 3420 431 3471 Et
449 3419 542 3485 Chaos,
561 3422 591 3473 et
607 3418 792 3489 Phlegethon,
808 3415 871 3472 loca
885 3415 969 3471 noea
983 3409 1110 3469 meantia
1117 3409 1193 3478 lusu,
1213 3421 1257 3461 aa

376 3489 424 3540 Sit
438 3492 510 3543 mihi
522 3493 569 3547 fas
584 3495 684 3551 andita
703 3496 801 3568 loqui;
820 3494 862 3552 sit
878 3492 999 3551 nunirne
1013 3491 1116 3547 vestro

363 3557 500 3616 Pandere
516 3580 567 3622 res
582 3569 647 3627 alta
663 3575 749 3632 terra
768 3580 803 3635 et
818 3575 953 3650 caligne
968 3585 1097 3632 mersas-
