3242 4159
387 523 435 575 274
619 522 649 571 P.
667 521 822 571 VERGILI
838 522 1009 573 MARONIS‘

388 601 556 672 Respiciunt,
574 604 719 672 totumque
737 602 828 657 adlabi
846 602 978 657 classibus
995 620 1110 673 aequor.

388 678 479 733 Ardet
496 695 571 747 apex·
584 679 675 747 capiti,
693 680 840 749 cristisque
857 696 874 732 a
891 679 994 733 vertice
1011 680 1126 736 flamma
1206 697 1239 738 no

387 754 533 823 Funditur,
550 757 579 809 et
596 758 688 809 vastos
707 753 790 807 umbo
807 755 1012 817 vomit-aureus
1030 757 1120 824 ignis:

385 830 412 884 N
414 847 448 883 on
467 846 550 895 secus,
568 847 600 884 ac
618 829 722 897 liquida
739 830 763 882 si
780 831 890 899 quando
906 834 986 883 noete
1003 836 1132 888 cometae

386 906 533 973 Sanguiuei
551 903 667 973 lugubre
685 904 792 973 rubent,
810 909 859 960 aut
878 906 964 959 Sirius
981 906 1072 976 ardor,

386 983 439 1036 llle
456 982 530 1036 sitim
548 980 712 1048 morbosque
729 980 822 1034 ferens
839 980 1001 1034 mortalibus
1018 983 1121 1055 aegris,

384 1056 514 1112 Nascitur
530 1059 559 1109 et
576 1055 654 1109 laevo
671 1056 818 1110 contristat
835 1057 937 1110 lumine
954 1057 1068 1113 caelum.
1203 1078 1237 1117 m

419 1132 504 1186 Haud
521 1134 614 1185 tamen
632 1131 730 1185 audaci
747 1132 839 1185 'l'urno
857 1133 957 1185 fiducia
973 1134 1058 1189 cessit

383 1208 479 1262 Litora
495 1208 661 1276 praecipere,
678 1211 708 1261 ct
725 1207 860 1261 venientis
878 1208 980 1277 pellere
997 1212 1081 1265 terra.

382 1283 477 1354 [Ultro
494 1283 598 1337 animos
615 1283 689 1338 tollit
706 1284 795 1351 dictis,
814 1287 899 1352 atque
915 1284 1041 1354 increpat
1057 1286 1161 1360 ultroz]

384 1359 464 1425 Quod
482 1360 554 1413 votis
572 1360 695 1428 optastis,
714 1359 800 1425 adest,
819 1359 992 1429 perfringere
1009 1361 1120 1418 dextra

383 1435 418 1489 In
435 1435 560 1489 manibus
579 1434 654 1489 Mars
672 1436 738 1503 ipse,
757 1435 819 1489 riri.
854 1434 935 1489 Nunc
951 1436 1074 1505 coniugis
1092 1442 1155 1493 esto
1199 1456 1234 1494 aso

382 1510 505 1581 Quisque
523 1526 588 1564 suae
605 1510 727 1579 tectique
744 1526 867 1576 memor;
883 1528 957 1565 nunc
974 1525 1075 1580 magna
1091 1515 1197 1570 referto

382 1587 473 1653 Facta,
490 1590 601 1653 patrum
618 1585 721 1640 laudes.
756 1585 838 1639 Ultro
855 1602 1029 1641 occurramus
1045 1588 1083 1642 ad
1101 1591 1211 1660 undam,

382 1662 455 1716 Dum
473 1662 585 1732 trepidi,
605 1661 763 1731 egressique
779 1660 875 1717 labant
891 1663 1009 1731 vestigia
1025 1664 1127 1732 prima.

383 1739 520 1793 Audentis
538 1739 661 1793 Fortuna
678 1738 763 1792 iurat.
1242 1808 1246 1813 ,

382 1815 460 1870 Haec
478 1815 524 1882 ait,
543 1818 573 1869 et
590 1831 682 1869 secum
699 1816 798 1883 versat,
817 1830 886 1883 quos
903 1814 1004 1870 ducere
1021 1820 1128 1887 contra,
1197 1835 1233 1875 aas

381 1891 435 1945 Vel
453 1891 553 1960 quibus
570 1890 695 1945 obsessos
712 1890 800 1959 possit
817 1890 981 1944 concredere
997 1908 1115 1948 muros·

415 1966 528 2021 Interea
546 1967 654 2020 Aeneas
671 1966 757 2020 socios
775 1965 811 2020 de
828 1966 965 2034 puppibus
982 1967 1047 2021 altis

380 2041 515 2095 Pontibus
532 2041 653 2110 exponit.
689 2040 772 2099 Multi
791 2057 901 2095 servare
918 2058 1046 2096 recursus

380 2116 549 2185 Languentis
566 2115 664 2185 pelagi,
683 2118 713 2169 et
729 2115 861 2171 brevibus
878 2132 908 2171 se
925 2117 1039 2172 credere
1056 2120 1143 2187 saltu;

380 2192 435 2247 Per
450 2208 541 2246 remos
558 2192 611 2245 alii.
647 2191 809 2260 Speculatus
827 2192 908 2246 litora
926 2193 1054 2259 Tarchon,
1194 2212 1230 2251 no

380 2268 440 2333 Qua
456 2268 528 2322 vada
544 2284 598 2322 non
617 2268 722 2337 spirant
739 2285 790 2321 nec
806 2268 894 2323 fracta
910 2273 1098 2324 remurmurat
1114 2273 1197 2339 undu,

379 2344 435 2398 Sed
451 2361 527 2399 mare
544 2344 705 2398 inoffensum
723 2344 856 2397 crescenti
874 2344 1014 2398 adlabitur
1030 2350 1119 2415 aestu,

378 2420 512 2475 Advertit
530 2420 620 2475 subito
637 2436 741 2490 proras,
760 2420 902 2488 sociosque
918 2423 1061 2488 precatur:

376 2495 464 2562 Nunc,
482 2513 498 2551 o
515 2498 587 2551 lecta
604 2513 708 2563 manus,
726 2496 824 2549 validis
840 2495 991 2550 incumbite
1008 2498 1110 2565 remis;

373 2553 482 2639 bollire,
500 2573 572 2627 ferte
589 2577 679 2638 rates;
696 2571 833 2625 inimicam
851 2570 949 2625 findite
966 2574 1064 2626 rostris
1193 2592 1229 2631 urs

377 2646 457 2700 Hanc
474 2651 585 2715 terram,
604 2648 764 2716 sulcumque
782 2647 834 2700 sibi
851 2650 959 2715 premat
976 2647 1037 2716 ipsa
1053 2650 1156 2705 carina.

377 2721 516 2790 Frangere
533 2739 582 2775 nec
599 2723 649 2776 tali
666 2724 780 2792 puppim
798 2722 917 2777 statione
934 2740 1037 2791 recuso,

376 2798 499 2867 Arrepto
515 2797 615 2852 tellure
633 2800 727 2853 semel.
763 2798 840 2863 Quae
857 2799 925 2853 talia
941 2803 1088 2868 postquam

375 2873 482 2929 Effatus
499 2873 628 2939 Tarchon
646 2874 712 2928 socii
728 2890 893 2943 consurgere
911 2876 998 2930 tonsis

359 2942 588 3019 'Spumantisque
606 2951 682 3004 rates
700 2950 772 3003 arvis
788 2950 891 3005 inferre
909 2951 1021 3017 Latinis,
1190 2971 1228 3010 am

374 3026 467 3080 Donec
484 3031 575 3081 rostra
591 3029 688 3081 tenent
706 3026 806 3080 siccum
824 3030 854 3080 et
871 3027 968 3081 sedere
984 3027 1093 3081 carinae

374 3101 476 3156 Omnes
494 3103 632 3157 innocuae.
668 3101 723 3155 Sed
740 3118 794 3155 non
811 3103 912 3171 puppis
929 3107 985 3170 tua,
1004 3103 1136 3158 Tarchon.

372 3177 499 3247 Namque
516 3178 620 3232 inflicta
637 3178 715 3231 vadis
732 3178 814 3232 dorso
832 3179 898 3231 dum
916 3179 1021 3247 pendet
1037 3179 1142 3249 iniquo,

372 3257 485 3322 Anceps
503 3257 657 3309 sustentata
674 3254 730 3322 diu,
748 3254 902 3324 fluctusque
918 3256 1025 3323 fatigat,
1089 3292 1094 3301 -

367 3329 498 3400 Solvitur,
516 3334 601 3401 atque
618 3331 690 3384 viros
708 3330 806 3383 mediis
824 3331 936 3399 exponit
953 3332 982 3386 in
998 3331 1096 3399 undis;
1190 3350 1228 3390 aas

350 3404 511 3477 Fmgmina
529 3426 676 3467 remorum
696 3425 766 3482 quos
784 3412 815 3463 et
830 3406 970 3461 suemus
983 3411 1107 3461 transtra

339 3477 512 3588 ppassim,
532 3491 724 3566 retrahitque
740 3486 852 3564 pedem
869 3483 954 3538 stmul
967 3481 1047 3535 uude·
1058 3480 1200 3564 telpbm

354 3559 433 3620 Nec
451 3567 593 3631 Turnum
615 3572 722 3646 segnis
738 3567 858 3629 retinet
874 3577 976 3623 morat,
990 3556 1045 3610 &A
1056 3555 1137 3617 W·
1150 3566 1218 3603 W
