3242 4159
623 488 815 555 annulum,
828 488 899 541 nm.
916 489 996 541 xus
1201 486 1245 535 aar

385 572 449 630 Nee
467 569 588 642 spatium
605 568 694 625 erasit
711 572 810 638 totum,
827 586 918 639 neque
934 570 1052 641 pertulit
1068 570 1161 625 ictum

387 649 434 704 Ac
449 646 567 703 velutin
584 646 694 714 somnis,
712 645 805 699 oculos
821 645 870 699 ubi
886 646 1018 716 languida
1033 646 1159 715 pressit·

386 725 481 781 Nocte
498 722 583 793 quies,
600 722 768 791 nequiquam
785 722 880 775 avidos
897 723 1047 777 extendere
1065 738 1161 777 cursus
1226 787 1229 792 ¹

386 801 474 855 Velle
490 798 622 864 videmur,
640 798 714 852 etin
732 797 833 851 mediis
850 798 993 853 conatibus
1010 796 1085 866 aegri
1208 812 1247 851 e1o

388 874 576 939 Succidimm3
598 890 653 928 non
670 873 763 941 lingua
780 873 861 939 valet,
878 891 938 927 non.
950 890 1064 943 corpore
1082 874 1165 927 notae

388 951 538 1014 Sufficiunt
554 950 635 1018 vires,
650 965 702 1004 nec
719 964 772 1002 vox
790 952 839 1003 aut
856 951 941 1003 verba
958 952 1126 1019 sequuntur:
1146 987 1167 1006 -.
1192 988 1196 992 -
1214 986 1217 991 -

389 1028 439 1084 Sic
456 1026 555 1094 Turno,
573 1041 744 1095 quacumque
762 1024 835 1078 viam
852 1024 955 1080 virtute
972 1024 1078 1096 petivit,

389 1104 554 1160 successum
572 1100 625 1155 dea
642 1100 703 1154 dira
719 1101 811 1168 negat.
849 1100 918 1154 'lum
934 1106 1048 1170 pectore
1065 1116 1161 1156 sensus
1205 1158 1207 1160 ,

390 1179 550 1234 Vertuntur
567 1176 652 1241 varii3
676 1176 795 1229 Rutulos
812 1176 956 1245 adspectat
973 1181 1003 1231 et
1019 1177 1124 1244 urbem,
1210 1191 1248 1229 arc

391 1255 600 1321 Cunctaturque
616 1254 700 1319 metu,
718 1251 860 1319 telumque
877 1252 981 1307 instare
999 1252 1156 1316 tremescit;

368 1389 373 1398 ,
390 1330 420 1386 N
422 1347 462 1399 ec,
481 1344 534 1400 quo
552 1344 582 1382 se
600 1327 706 1396 eripiat,
722 1344 780 1394 nec,
799 1328 898 1396 quavi
915 1328 1014 1383 tendat
1030 1328 1059 1381 in
1076 1328 1192 1394 hostem,

391 1407 421 1461 N
423 1422 456 1461 ee
473 1420 569 1458 currus
585 1419 701 1472 usquam
719 1402 797 1457 videt
814 1405 992 1472 aurigamque
1010 1420 1139 1459 sororem.

393 1480 540 1537 Cunctanti
559 1479 646 1533 telum
664 1480 774 1532 Aeneas
791 1478 876 1533 fatale
894 1484 1025 1545 coruscat,

394 1556 517 1613 Sortitus
531 1556 670 1608 fortunam
688 1554 779 1621 oculis,
798 1558 828 1609 et
842 1571 955 1624 corpore
973 1559 1034 1611 toto
1212 1569 1250 1608 mo

394 1633 511 1687 Eminus
529 1632 676 1699 intorquet.
712 1629 814 1683 Murali
831 1632 937 1685 concita
953 1648 1101 1700 numquam

394 1709 543 1763 'l'ormento
562 1706 601 1759 sic
618 1722 683 1759 saxa
694 1705 822 1772 fremunt,
841 1722 891 1759 nee
907 1706 1021 1760 fulmine
1037 1706 1110 1761 tanti

395 1783 552 1839 Dissnltant
572 1782 700 1849 crepitus.
736 1781 821 1835 Volat
838 1782 893 1835 atri
911 1781 1029 1836 turbinis
1045 1782 1134 1836 instar

397 1859 522 1916 Exitium
541 1858 631 1911 dirum
648 1857 728 1911 hasta
744 1857 844 1924 ferens,
862 1874 978 1927 orasque
995 1856 1113 1912 recludit

397 1935 511 1991 Lorieae
529 1937 558 1988 et
576 1933 655 2001 clipei
673 1935 810 1987 extremos
829 1933 1013 2002 septemplicis
1028 1932 1109 1988 orbis.
1212 1948 1249 1987 aas

398 2012 455 2067 Per
472 2009 593 2064 medium
610 2008 730 2062 stridens
746 2008 847 2063 transit
864 2009 959 2063 femur.
996 2008 1098 2063 Incidit
1113 2007 1186 2064 ictus

399 2088 502 2155 Ingens
519 2085 556 2139 ad
573 2087 676 2138 terram
694 2083 834 2152 duplicato
852 2085 956 2154 poplite
974 2086 1089 2142 Turnus.

399 2162 576 2229 Consurgunt
593 2160 700 2227 gemitu
717 2160 825 2220 Rutuli,
833 2163 963 2230 totusque
981 2161 1100 2229 remugit

399 2239 481 2293 Mons
499 2237 608 2301 circum,
626 2237 656 2300 et
673 2251 767 2289 vocem
784 2236 842 2289 late
860 2252 972 2289 nemora
989 2236 1045 2289 alta
1061 2236 1216 2289 remittunt.

399 2313 455 2368 Ille
477 2310 588 2367 humilis
614 2311 785 2381 supplexque
810 2310 902 2365 oculos
930 2311 1113 2379 dextramque
1138 2327 1251 2379 precan-

469 2391 527 2442 tem
1212 2400 1251 2439 ceo

400 2463 580 2530 Protendeus,
599 2462 735 2531 Equidem
752 2464 848 2531 merui,
866 2459 921 2518 nee¹
934 2464 1073 2531 deprecor,
1090 2461 1198 2532 inquit;

399 2540 490 2594 Utere
509 2541 582 2592 sorte
600 2541 657 2593 tua.
692 2538 788 2592 Miseri
805 2545 836 2593 te
854 2541 876 2592 si
895 2557 950 2608 qua
966 2539 1089 2607 parentis

400 2616 525 2682 Tangere
542 2630 607 2668 cura
623 2617 723 2683 potest,
742 2614 887 2681 ora-suit
899 2619 928 2669 et
946 2613 997 2668 tibi
1015 2614 1079 2669 talis

401 2690 537 2745 Anchises
553 2690 789 2758 genitor—Dauni
806 2690 938 2745 miserere
956 2694 1091 2759 senectae,

400 2767 439 2821 Et
456 2782 509 2833 me,
527 2781 576 2819 seu
594 2781 693 2833 corpus
710 2765 858 2835 spoliatum
876 2767 980 2823 lumine
997 2766 1091 2835 mavis,
1216 2781 1253 2820 eea

401 2841 501 2897 Redde
518 2841 594 2896 meis.
629 2840 738 2909 vicisti,
756 2845 786 2896 et
803 2842 907 2899 victum
924 2844 1039 2899 tendere
1054 2841 1159 2909 palmas

400 2916 519 2973 Ausonii
535 2917 644 2984 videre3
666 2919 716 2970 tua
733 2920 777 2972 est
795 2918 910 2973 Lavinia
926 2919 1057 2972 coniunx:

400 2992 527 3048 Ulterius
543 3009 579 3047 ne
596 2992 680 3047 tende
698 2992 775 3047 odiis.
812 2994 898 3049 Stetit
915 3010 978 3048 acer
994 2994 1024 3046 in
1040 2991 1125 3047 armis

401 3072 519 3136 Aeneas,
537 3069 647 3123 volvens
665 3068 762 3134 corlon,
781 3069 964 3140 dextramque
980 3068 1126 3139 repressit;

401 3146 511 3200 Etiam
528 3145 637 3214 iamque
654 3145 742 3213 magis
760 3149 933 3201 cunctantem
950 3144 1063 3199 flectere
1080 3158 1170 3197 sermo
1216 3157 1254 3195 mo

401 3221 545 3291 Coeperat,
563 3220 659 3274 infelix
676 3221 790 3275 humero
808 3238 870 3276 cum
888 3220 1017 3290 adparuit
1034 3219 1090 3273 alto

400 3297 516 3352 Balteus
532 3299 561 3350 et
578 3296 651 3350 notis
667 3296 805 3351 fulsemrnt
823 3296 931 3365 cingula
947 3294 1030 3349 bullis

399 3371 532 3424 Pallantis
546 3372 635 3440 pueri,
656 3372 759 3427 victum
779 3390 865 3444 quem
880 3372 999 3427 uolnere
1011 3371 1129 3425 'lurnus

387 3444 533 3498 sueverat
550 3450 639 3515 atque
656 3448 787 3506 humeris
804 3451 958 3507 inimicum
971 3447 1090 3517 magne
1105 3438 1242 3511 {etm-

376 3515 439 3579 ῙΠθν
458 3519 548 3573 ⁰0¹ffl⁸
562 3528 725 3596 908tquam
745 3530 831 3587 saevi
849 3528 1052 3586 monumenta
1068 3515 1189 3575 doloris
1274 3513 1282 3536 ⁸

364 3587 553 3663 Exuriasque
565 3598 681 3676 hausit,
701 3606 795 3665 furiis
813 3624 980 3677 accensus,
1000 3606 1039 3660 et
1052 3600 1109 3656 'rra
