3242 4159
377 525 425 573 116
603 523 634 573 Ρ.
653 518 807 571 VERGILI
823 520 989 570 Maronis

378 604 489 660 Pelidae
505 602 640 672 genitori;
655 602 696 658 illi
713 619 775 657 mea
791 602 884 657 tristia
899 602 975 657 facta

378 682 605 750 Degeneremque
623 679 834 748 Neoptolemum
852 695 964 733 narrare
981 682 1131 735 memento.

378 758 579 812 Nuncmorere.
617 755 1173 825 Hocdicensaltariaadipsatrementem
1201 772 1236 811 ce)

378 834 472 888 Traxit
489 836 518 886 et
535 833 563 885 in
581 832 668 885 multo
685 830 838 898 lapsantem
857 832 989 907 sanguine
1005 832 1071 900 nati,

379 910 563 979 Inplicuitque
581 924 685 961 comam
702 906 787 974 laeva,
807 908 961 977 dextraque
979 925 1124 964 cormeum

379 986 484 1040 Extulit
502 1001 534 1037 ac
550 983 630 1038 lateri
648 983 744 1051 capulo
762 986 844 1037 tenus
862 983 971 1039 abdidit
988 1000 1088 1039 ensem

379 1062 457 1116 Haec
473 1060 535 1113 finis
554 1059 656 1112 Priami
674 1060 810 1124 fatorum3
826 1059 871 1113 hic
890 1061 980 1114 exitus
997 1061 1076 1115 illum

379 1135 1122 1206 Sortetulit,Troiamincensametprolapsavidcntem
1204 1154 1241 1193 sss

380 1214 519 1282 Pergama,
537 1215 581 1266 tot
598 1211 737 1280 quondam
755 1212 862 1281 populis
880 1214 1018 1281 terrisque
1035 1212 1188 1282 superbum

380 1288 566 1358 Regnatorem
585 1288 676 1342 Asiae.
713 1288 790 1341 Iacet
807 1288 903 1355 ingens
921 1288 1002 1342 litore
1020 1292 1142 1357 cuncus,

381 1366 569 1434 Avolsumque
585 1364 705 1418 humeris
724 1367 815 1432 caput,
833 1368 862 1417 ct
881 1366 938 1419 sine
955 1366 1064 1418 nomine
1081 1381 1190 1435 corpus.

415 1445 456 1497 At
472 1459 517 1495 me
534 1446 594 1496 tum
611 1441 729 1508 primum
748 1456 845 1493 saevus
863 1441 1045 1495 circumstetit
1062 1440 1167 1497 horror.

380 1518 522 1586 Obstipui;
540 1516 622 1569 subiit
640 1516 695 1568 cari
713 1515 845 1583 genitoris
863 1515 961 1584 imago,
1205 1533 1244 1571 5oe

383 1595 422 1649 Ut
439 1610 531 1662 regem
551 1608 718 1659 aequaevum
736 1591 841 1644 crudeli
859 1592 968 1645 volnere
985 1590 1042 1645 ridi

384 1671 476 1725 Vitam
494 1668 681 1731 exhalantem3
700 1666 783 1720 subiit
802 1668 914 1721 deserta
932 1667 1042 1735 Creusa,

383 1748 419 1801 Et
436 1746 545 1814 direpta
562 1743 666 1810 domus,
685 1747 715 1796 ct
733 1742 809 1811 parvi
828 1759 907 1796 casus
928 1743 988 1796 Iuli.

383 1823 516 1892 Respicio,
534 1824 570 1888 et,
590 1835 660 1889 quae
678 1820 714 1873 sit
732 1835 776 1872 me
794 1819 895 1872 circum
913 1820 997 1887 copia,
1016 1819 1110 1874 lustro.

383 1898 535 1953 Deseruere
553 1913 647 1950 omnes
664 1895 772 1961 defessi,
792 1898 822 1947 et
839 1911 954 1963 corpora
971 1895 1044 1949 saltu
1207 1914 1246 1953 5oe

383 1974 431 2027 Ad
447 1977 551 2027 terram
568 1973 667 2025 misero
686 1975 734 2025 aut
751 1971 861 2039 ignibus
880 1988 963 2039 aegra
981 1970 1092 2027 dedere.

419 2049 547 2118 [Iamque
565 2048 634 2099 adeo
653 2063 735 2115 super
752 2064 823 2099 unus
841 2063 924 2112 cram,
942 2063 1004 2101 cum
1021 2048 1115 2102 limina
1131 2049 1240 2105 Vestae

384 2125 544 2180 Servantem
562 2125 591 2175 et
608 2122 722 2177 tacitam
740 2125 846 2175 secreta
862 2123 891 2176 in
909 2123 976 2177 sede
994 2123 1127 2179 latentem

384 2199 538 2269 Tyndarida
555 2197 668 2266 aspicio:
687 2198 755 2255 dant
773 2198 846 2252 clara
863 2199 990 2253 incendia
1006 2200 1096 2255 lucem
1136 2255 1139 2260 ,

384 2276 495 2329 Erranti
513 2273 669 2343 passimque
687 2270 777 2328 oculos
795 2291 846 2344 per
865 2280 963 2330 cuncta
980 2276 1090 2332 ferenti.
1208 2293 1247 2334 tro

385 2350 439 2406 Illa
455 2351 507 2405 sibi
524 2351 638 2405 infestos
656 2367 751 2404 eversa
768 2350 803 2403 ob
822 2350 957 2418 Pergama
974 2352 1093 2407 Teucros

386 2429 423 2483 Et
439 2444 539 2498 poenas
557 2427 681 2480 Danaum
700 2429 729 2479 et
746 2426 850 2480 deserti
868 2427 989 2495 coniugis
1006 2428 1062 2481 iras

385 2504 588 2570 Praemetuens,
607 2504 704 2557 Troiae
723 2506 752 2557 et
769 2503 876 2572 patriae
894 2504 1044 2557 communis
1062 2504 1169 2574 Erinys,

387 2580 622 2635 Abdiderat'sesc
639 2583 723 2647 atque
742 2580 795 2633 aris
814 2580 900 2632 inrisa
919 2579 1040 2634 sedebat.

387 2655 521 2710 Exarsere
538 2657 615 2723 ignes
633 2656 737 2719 animo;
755 2654 830 2708 subit
848 2655 889 2708 ira
907 2655 1052 2709 cadentem
1209 2671 1248 2712 era

387 2731 487 2787 Ulcisei
504 2734 621 2800 patriam
639 2735 668 2784 et
686 2732 831 2784 sceleratas
848 2747 955 2784 sumere
973 2748 1079 2799 poenas

388 2807 496 2862 Scilicet
513 2807 581 2860 haec
599 2807 726 2875 Spartam
744 2806 887 2860 incolumis
905 2807 1063 2877 patriasque
1082 2808 1212 2878 Mycenas

389 2883 528 2951 Aspicietl
546 2886 680 2950 partoque
698 2882 750 2935 ibit
768 2884 863 2951 regr'na
880 2883 1029 2953 triumpho,

389 2959 612 3027 Coniugiumne,
630 2958 802 3027 domumque,
821 2963 922 3027 patres,
940 2967 1076 3028 natosque
1092 2959 1207 3027 ridebit,

389 3035 507 3090 Iliadum
525 3035 607 3089 turba
624 3038 653 3088 ct
672 3034 797 3103 Phrygiis
815 3036 946 3089 comitata
964 3035 1114 3091 ministrisl
1209 3051 1248 3089 sso

389 3110 529 3165 Occiderit
545 3112 619 3165 ferro
639 3111 781 3165 Priamusl
819 3112 900 3164 Troia
917 3113 1016 3167 arserit
1032 3113 1106 3181 ignii

389 3186 559 3241 Dardanium
578 3188 676 3242 totiens
696 3187 803 3240 sudarit
821 3189 952 3255 sanguine
969 3188 1051 3243 litusl

390 3262 454 3317 Non
471 3263 518 3317 ita.
554 3264 580 3317 N
582 3280 683 3332 amque
698 3262 750 3316 etsi
768 3263 873 3317 nullum
891 3264 1068 3318 memorabile
1084 3280 1186 3319 nomen

391 3338 522 3392 Feminea
538 3340 567 3392 in
583 3355 671 3407 poena
689 3341 732 3392 est
750 3355 800 3392 nco
819 3340 904 3394 babet
922 3340 1035 3394 victoria
1051 3339 1170 3408 laudem,

387 3413 562 3469 Exstinrisse
577 3415 655 3469 nefas
673 3417 767 3484 tamen
785 3418 816 3470 et
832 3416 982 3485 sumpsisse
995 3415 1129 3469 merentis
1208 3428 1249 3472 tes

370 3487 526 3544 Laudabat·
539 3510 657 3564 poenas,
676 3493 863 3563 animumque
882 3492 1011 3561 explesse
1024 3488 1135 3541 iuuabit

357 3557 480 3620 Ultrr'cis
493 3568 646 3644 flammae,
666 3578 701 3630 et
722 3574 839 3629 cineres
856 3568 982 3626 satiasse
997 3575 1135 3617 meorum.
