3242 4159
371 529 420 577 244
600 526 630 574 P.
648 524 802 574 VERGILI
819 521 992 575 MARONIS-

374 607 545 662 Pendentem
563 606 680 675 scopulo,
699 605 899 674 Furiarumque
915 622 964 660 ora
980 610 1166 672 trementem

373 684 553 752 Secretusque
570 684 644 753 pi0s;
661 682 704 735 his
721 681 833 735 dantem
850 682 910 735 iura
928 683 1070 741 Catonem.
1182 693 1222 734 aro

375 760 454 815 Haec
472 761 547 814 inter
564 758 663 812 tumidi
680 758 736 810 late
753 757 837 810 maris
854 757 914 811 ibat
930 758 1028 829 imago,

373 836 474 900 Aurea,
494 833 543 886 sed
561 833 646 885 fluctu
664 830 828 901 spumabant
844 832 953 886 merula
969 849 1055 900 ean03

372 910 410 964 Et
427 911 529 963 circum
546 911 660 976 argento
677 907 743 960 cleri
760 906 904 975 delphines
920 907 950 961 in
967 909 1062 963 orbem

374 988 504 1053 Aequora
520 982 669 1037 verrebant
686 981 781 1035 caudis
799 985 961 1050 aestumque
978 984 1122 1039 secabant:
1168 1020 1173 1026 -

373 1061 407 1114 In
425 1061 516 1113 medic
534 1059 627 1111 classis
645 1060 760 1125 aeratas,
778 1058 865 1111 Actia
877 1057 957 1125 bella
1095 1068 1123 1116 ’,
1185 1074 1222 1114 ers

373 1136 492 1196 Cernere
510 1138 586 1199 erat;
611 1137 756 1202 totumque
773 1134 908 1186 instructo
926 1134 1145 1194 Marte-videres

372 1211 491 1265 Nervere
510 1211 656 1277 Leucaten,
674 1225 796 1277 auroque
813 1209 945 1277 eiiirlgere
961 1210 1070 1265 fluctus.

373 1285 447 1341 Hinc
465 1289 609 1355 Augustus
627 1302 711 1354 agens
730 1285 819 1339 Italos
832 1285 861 1338 in
878 1285 1103 1353 proeliejcaesar

373 1363 442 1417 Cum
461 1362 590 1416 Patribus
609 1360 772 1430 Populoque,
791 1360 942 1413 Penatibus
958 1363 989 1415 et
1005 1362 1112 1430 magnis
1126 1357 1189 1429 Dis,

373 1437 454 1494 Stans
466 1440 538 1499 celse
549 1438 576 1491 iu
588 1438 687 1507 puppi;
697 1436 820 1504 geminas
832 1437 875 1489 cui
888 1440 1011 1505 tempora
1024 1438 1149 1491 flamm
1183 1452 1222 1491 eso

373 1514 459 1569 Laeta
476 1518 595 1581 vomunt,
614 1514 788 1582 patriumque
805 1512 929 1579 aperitur
945 1514 1047 1568 vertice
1064 1513 1151 1569 sidus.

373 1589 456 1644 Parte
473 1591 526 1642 alia
543 1589 631 1642 ventis
648 1591 677 1641 et
695 1588 738 1640 dis
756 1587 883 1656 Agrippa
899 1588 1025 1645 secundis

374 1666 486 1719 Arduus
503 1682 599 1733 agmen
618 1680 714 1732 agens;
731 1663 783 1730 eui,
802 1663 868 1716 belli
884 1664 990 1731 insigne
1007 1663 1166 1734 superbum,

374 1741 506 1811 Tempora
522 1740 611 1794 navali
621 1739 737 1807 'fulgent
754 1740 874 1792 rostrata
890 1755 995 1794 corona

373 1817 446 1870 Hinc
462 1829 514 1884 ope·
530 1814 672 1869 barbarica
689 1814 824 1881 variisque
843 1814 979 1869 Antonius
997 1815 1087 1881 armis,
1185 1830 1223 1870 ωε

373 1892 469 1946 Victor
486 1892 520 1945 ab
539 1893 663 1944 Aurorae
680 1889 787 1958 populis
803 1892 834 1943 et
850 1889 931 1943 litore
947 1890 1039 1958 rubro,
1096 1935 1105 1947 .,
1130 1944 1133 1947 .

373 1968 530 2035 Aegyptum
546 1968 666 2033 virisque
684 1966 804 2019 Orientis
822 1968 851 2019 et
868 1966 966 2019 ultima
982 1982 1075 2021 secum
1102 2009 1104 2013 .
1160 1977 1162 1980 ’

373 2042 475 2095 Bactra
492 2041 581 2105 vehit;
600 2040 784 2108 sequiturque,
802 2041 894 2094 nefas!
914 2042 1052 2111 Aegyptia
1068 2043 1199 2099 coniunx.

372 2118 435 2171 Una
452 2132 544 2169 omnes
561 2132 648 2182 ruere,
666 2132 697 2168 ac
714 2119 804 2169 totum
822 2133 948 2185 spumare
966 2117 1089 2188 reductis

373 2193 534 2247 Ocnvolsum
552 2193 635 2244 remis
653 2191 803 2259 rostrisque
822 2193 990 2247 tridentibus
1007 2210 1119 2263 aequor.
1184 2210 1223 2249 oeo

373 2268 440 2321 Alta
457 2269 570 2337 petunt;
587 2268 683 2335 pelago
701 2267 797 2320 credas
815 2268 910 2322 innare
927 2269 1046 2323 revolsas

373 2343 511 2412 Cycladas,
530 2346 578 2396 aut
595 2343 696 2397 montis
713 2358 873 2396 concurrere
891 2344 1030 2398 montibus
1047 2344 1135 2400 altos:

372 2421 459 2475 'l'anta
475 2420 546 2474 mole
562 2420 613 2474 viri
631 2418 739 2473 turritis
756 2419 893 2487 puppibus
909 2420 1023 2475 instant.

372 2495 494 2565 Stuppea
511 2497 620 2549 flamma
637 2512 719 2548 manu
735 2494 853 2562 telisque
871 2495 980 2549 volatile
995 2497 1099 2549 ferrum

372 2572 529 2640 Spargitur:
548 2588 613 2625 arva
629 2587 699 2624 nova
717 2571 856 2637 Neptunia
872 2570 956 2625 caede
974 2571 1131 2628 rubescunt.
1184 2590 1221 2629 aas

372 2646 478 2714 Regina
495 2648 523 2699 in
540 2646 638 2699 mediis
655 2646 745 2714 patrio
762 2648 842 2699 vocat
858 2647 967 2713 agmina
984 2647 1079 2702 sistro:

372 2722 496 2775 Necdum
514 2707 596 2774 ebera
614 2722 736 2788 geminos
754 2737 770 2773 a
786 2724 865 2789 tergo
882 2722 993 2790 respicit
1010 2723 1112 2790 anguis

371 2797 606 2864 Omnigenumque
623 2795 705 2849 deum
723 2799 845 2850 monstra
862 2799 892 2851 et
908 2796 1024 2852 latrator
1042 2798 1153 2853 Anubis

372 2873 474 2926 Contra
492 2871 651 2938 Neptunum
669 2873 698 2924 et
717 2871 855 2925 Venerem
872 2877 1022 2941 contraque
1039 2874 1196 2931 Minervam

370 2948 436 3001 Tela
453 2950 557 3000 tenent.
593 2946 687 3001 Saevit
704 2947 795 3000 medio
812 2948 841 3000 in
858 2949 1008 3004 certamine
1026 2950 1138 3005 Mavors
1182 2968 1221 3009 ace

371 3024 499 3077 Caelatus
515 3024 596 3091 ferro,
613 3023 763 3091 tristesque
780 3039 815 3076 ex
832 3024 945 3078 aethere
963 3024 1062 3092 Dirae3

370 3099 407 3153 Nt
425 3099 507 3152 scissa
524 3099 647 3167 gaudens
665 3098 742 3152 vadit
759 3098 903 3152 Discordia
921 3100 999 3168 palla,

370 3175 458 3240 Quam
476 3191 537 3227 eum
555 3175 702 3242 sanguineo
719 3174 845 3243 sequitur
863 3175 978 3230 Bellona
994 3176 1109 3245 flagello,

370 3252 468 3305 Aetius
486 3251 552 3303 haec
570 3267 684 3304 cernens
702 3266 795 3303 arcum
812 3250 975 3305 intendebat
993 3252 1093 3321 Apollo

365 3325 508 3395 Desuper:
527 3327 614 3380 omnis
632 3341 664 3380 ee
681 3328 789 3380 terrore
807 3327 951 3395 Aegyptus
968 3332 998 3383 et
1016 3328 1088 3396 Indi,
1182 3344 1221 3387 ros

356 3402 457 3458 Omnis
477 3404 580 3475 Arabs,
599 3421 698 3461 omues
714 3402 863 3459 vertebant
876 3407 958 3472 terga
972 3404 1078 3459 Sabaei.

336 3476 364 3534 Ι
381 3498 412 3536 sa
435 3483 595 3540 ridebatur
614 3484 711 3542 ventis
729 3482 832 3554 regina
845 3480 954 3536 uncatis

334 3645 338 3652 Ι
357 3559 406 3615 ⁶12
427 3562 512 3633 dare,
535 3568 570 3623 et
585 3565 674 3623 laxos
691 3564 756 3621 iam
769 3563 892 3632 nmque
906 3556 1054 3612 inmittere
1066 3550 1155 3605 mus.
1249 3601 1253 3617 ζ
