3242 4159
657 514 841 568 AENEIDOS
858 520 929 571 LIB.
947 519 970 571 1.
1211 525 1242 575 83

382 589 440 645 His
459 607 573 648 accensa
590 596 803 663 superiactatos
822 616 941 669 aequore
958 602 1018 655 toto

380 667 478 737 Troas,
495 667 625 738 reliquias
642 670 767 725 Danaum
785 676 870 743 atquc
888 676 991 731 inmitis
1010 679 1118 749 Achilli,
1216 691 1242 737 ³0

381 743 511 799 Areebat
527 744 609 813 longe
627 745 714 815 Latio,
734 750 890 820 multosque
907 769 1060 821 perennes

381 819 530 888 Errabant
548 822 602 874 acti
619 822 692 891 fetis,
709 825 796 879 maria
815 828 904 881 omnia
921 829 1029 883 circum.

380 893 489 950 Tantae
506 896 584 951 molis
601 902 663 952 erat
682 899 834 955 Romanam
853 904 971 958 condere
989 910 1107 973 gentem.

418 972 475 1026 Vix
492 989 508 1026 e
526 979 672 1042 conspectu
692 976 798 1031 Siculae
817 978 924 1034 telluris
940 981 969 1034 in
986 982 1072 1037 altum

382 1048 456 1103 Vela
474 1048 579 1103 dabant
595 1051 668 1119 laeti,
688 1056 718 1106 et
736 1070 846 1122 spumas
864 1057 928 1110 salis
946 1074 1009 1112 aere
1026 1059 1151 1129 ruebant,
1215 1076 1240 1117 35

382 1124 454 1179 Cum
472 1125 549 1192 Iuno,
567 1131 712 1181 aeternum
731 1146 842 1184 servans
861 1132 911 1185 sub
929 1138 1041 1201 pectore
1058 1137 1161 1205 volnus,

382 1201 462 1255 Haec
480 1218 586 1257 secum:
605 1203 688 1257 Mene
705 1205 815 1275 incepto
835 1208 968 1265 desistere
987 1212 1093 1281 victam,

382 1276 443 1332 Neo
460 1294 541 1347 posse
559 1280 642 1335 Italia
661 1281 827 1336 Teucrorum
846 1287 970 1339 avertere
989 1291 1100 1355 regeml

383 1352 490 1423 Quippe
508 1359 587 1410 vetor
603 1356 675 1411 fatis.
715 1358 839 1413 Pallasne
859 1377 974 1415 exurere
992 1363 1104 1418 classem

381 1432 517 1498 Argivom
535 1436 619 1502 atque
636 1434 710 1502 ipses
726 1436 817 1503 potuit
836 1436 1010 1506 submergere
1027 1444 1120 1509 ponto,
1212 1455 1237 1497 a

381 1506 471 1562 Unius
489 1507 525 1561 ob
541 1526 641 1563 noxam
660 1513 689 1562 et
706 1511 790 1565 furias
809 1512 902 1565 Aiacis
922 1513 1007 1569 Oileil

381 1584 455 1653 Ipsa,
476 1585 548 1638 Iovis
565 1587 692 1655 rapidum
709 1588 826 1641 iaculata
844 1605 860 1642 e
877 1589 993 1643 nubibus
1010 1592 1108 1660 ignem,

381 1659 551 1731 Disiecitque
570 1666 644 1716 rates
663 1664 818 1732 evertitque
837 1682 955 1733 aequora
972 1669 1067 1733 ventis,
1110 1696 1115 1703 ·

382 1736 465 1792 Illum
483 1739 666 1808 exspirantem
685 1741 821 1793 transfixo
838 1744 950 1810 pectore
969 1741 1091 1796 flammas

381 1812 500 1868 Turbine
518 1817 648 1883 corripuit
666 1817 832 1886 scopuloque
850 1817 941 1870 infixit
959 1821 1055 1883 acut03
1209 1834 1234 1874 43

381 1890 437 1944 Ast
456 1907 514 1959 ego,
533 1908 603 1960 quae
622 1892 712 1946 divom
730 1893 826 1947 incedo
845 1894 946 1962 regina,
965 1893 1092 1962 Iovisque

380 1964 419 2019 Et
436 1983 513 2021 soror
530 1971 559 2021 et
577 1969 698 2038 coniunx,
716 1987 771 2023 una
789 1987 851 2023 cum
869 1973 952 2036 gente
970 1972 1014 2023 tot
1031 1987 1115 2024 annos

381 2041 460 2097 Bella
476 2062 550 2112 gero.
587 2044 624 2098 Et
642 2047 784 2115 quisquam
802 2063 903 2099 numen
924 2046 1034 2101 lunonis
1050 2048 1148 2103 adorat

380 2118 537 2189 Praeterea,
554 2127 603 2176 aut
622 2122 736 2190 supplex
755 2124 808 2177 aris
826 2123 932 2191 inponit
950 2123 1096 2179 honoreml
1207 2165 1209 2170 -

415 2197 490 2251 Talia
507 2199 645 2252 flammato
664 2217 755 2253 secum
774 2200 826 2253 dea
843 2199 925 2253 eorde
944 2201 1068 2254 volutans
1209 2216 1234 2254 oo

380 2272 543 2329 Nimborum
558 2276 586 2327 in
604 2276 728 2343 patriam,
746 2276 805 2329 loca
823 2276 880 2329 feta
898 2276 1052 2330 furentibus
1069 2278 1176 2341 austris,

381 2350 506 2404 Aeoliam
523 2352 606 2405 venit.
644 2352 697 2405 Hic
715 2356 792 2405 vasto
810 2369 859 2405 rex
879 2353 983 2406 Aeolus
1001 2356 1079 2406 antro

380 2424 523 2482 Luctantis
543 2432 639 2482 ventos
657 2431 892 2497 tempestatesque
910 2445 1019 2481 sonoras

381 2501 492 2570 Inperio
509 2506 611 2571 premit
629 2522 660 2559 ac
678 2504 771 2558 vinclis
790 2507 820 2557 et
837 2520 945 2556 carcere
963 2504 1059 2559 frenat.

380 2577 426 2631 Illi
443 2579 616 2648 indignantes
634 2598 732 2649 magno
750 2597 812 2634 cum
829 2596 968 2633 murmure
986 2580 1085 2634 montis
1208 2599 1233 2637 ss

380 2654 488 2710 Circum
505 2658 623 2712 claustra
641 2658 776 2723 fremunt3
793 2657 866 2710 celsa
884 2657 963 2712 sedet
981 2658 1085 2711 Aeolus
1101 2675 1163 2713 mco

379 2731 494 2802 Sceptra
512 2738 617 2801 tenens,
635 2735 776 2803 mollitque
795 2734 898 2788 animos
917 2738 946 2787 et
963 2737 1100 2802 temperat
1116 2736 1185 2801 iros3

378 2808 416 2861 Ni
432 2809 523 2878 faciat,
541 2812 626 2864 maria
644 2828 675 2864 ac
693 2814 781 2863 terras
796 2810 956 2879 caelumque
974 2811 1139 2879 profundum

379 2884 488 2956 Quippe
504 2888 596 2941 ferant
614 2888 702 2957 rapidi
720 2905 811 2941 secum
829 2891 994 2955 verrantque
1011 2906 1062 2957 per
1079 2905 1167 2941 auras.

378 2961 434 3016 Sed
451 2967 532 3033 pater
550 2966 720 3034 omnipotens
740 2965 872 3032 speluncis
890 2964 998 3018 abdidit
1016 2965 1090 3030 atris,
1207 2978 1231 3016 oe

379 3038 441 3093 Hoc
459 3044 592 3108 metucns,
609 3042 763 3109 molemque
781 3045 810 3095 ct
829 3042 930 3095 montis
947 3042 1058 3109 insuper
1075 3038 1145 3092 altos

378 3112 512 3186 Inposuit,
530 3135 679 3188 regemque
698 3118 784 3187 dedit,
802 3120 849 3186 qui
865 3118 977 3172 foedere
994 3119 1069 3170 certo

377 3187 415 3246 Et
432 3211 559 3263 premere
577 3198 607 3249 et
623 3197 700 3249 laxas
719 3196 800 3250 sciret
819 3194 885 3248 dare
902 3195 991 3247 iussus
1008 3190 1133 3244 habenas.

378 3269 427 3323 Ad
445 3288 527 3340 quem
543 3276 603 3326 tum
622 3273 691 3328 Iuno
709 3272 824 3341 supplex
841 3270 884 3323 his
901 3269 1011 3324 vocibus
1027 3282 1077 3319 usa
1094 3270 1151 3321 est:

413 3348 510 3417 Aeolo,
517 3365 636 3418 namque
643 3349 694 3402 tibi
702 3348 792 3402 divom
804 3350 886 3416 pater
897 3349 980 3415 atque
987 3342 1126 3396 hominum
1133 3359 1182 3396 rex
1204 3354 1229 3394 ua

372 3421 412 3474 Et
426 3425 549 3479 mulcere
567 3425 646 3480 dedit
664 3425 766 3481 dirutus
785 3427 815 3480 ot
833 3424 933 3479 tollore
948 3424 1045 3489 rento,

363 3494 439 3549 Gens
454 3499 567 3554 iminica
585 3503 655 3557 milri
676 3504 858 3574 Tyrrhenum
874 3504 1136 3575 navigassemus

353 3565 434 3623 ilium
450 3570 482 3624 ia
501 3574 619 3634 Italiam
638 3586 768 3652 portans
784 3585 947 3660 victosque
963 3578 1111 3640 Penatis.
