3242 4159
369 537 420 591 272
599 531 628 580 P.
647 527 804 579 VERGILI
820 525 990 577 meliorus
1254 452 1272 740 ι

369 613 499 682 Namque
516 610 612 666 ferunt
630 609 709 663 luctu
729 607 851 677 (lycnnm
870 602 1054 670 Pbethontis
1072 603 1165 667 amali.

371 688 507 758 Populeas
526 687 602 741 inter
620 684 732 739 frondes
751 682 933 749 umbramque
954 696 1081 748 sororum
1187 694 1219 734 rso

371 765 444 818 Dmn
465 762 540 817 canit
556 766 586 817 et
605 765 742 815 maestum
761 760 843 813 Musa
861 756 966 811 solatur
985 772 1117 825 amorem,
1268 747 1271 771 ⁸

370 840 524 896 Canentem
542 838 616 892 molli
634 838 728 907 pluma
743 834 856 888 duxisse
872 835 1018 898 senectam,
1267 788 1271 992 j

371 916 444 985 Linq
443 919 557 970 nentem
575 917 665 968 terras
684 915 714 966 et
732 910 825 965 sidera
843 925 910 965 voce
930 910 1101 976 sequentem.

371 991 466 1060 Filius,
486 989 608 1059 aequalis
628 988 775 1043 comitatus
797 986 885 1041 classe
905 987 1040 1051 ceterum,

372 1067 519 1135 Ingentem
539 1065 623 1119 remis
643 1063 811 1117 Centaurum
831 1063 988 1129 promovet:
1012 1059 1060 1115 ille
1192 1058 1225 1099 ¹ss

372 1141 465 1196 Instat
483 1157 572 1211 aquae
591 1156 743 1208 saxumque
761 1136 872 1192 rmdis'
864 1151 972 1190 inmane
992 1136 1118 1191 minatur

372 1216 494 1287 Arduus,
513 1220 543 1272 et
560 1216 641 1285 longa
660 1215 747 1271 sulcat
767 1214 856 1267 maria
873 1212 930 1266 alta
951 1211 1054 1267 carina

407 1293 461 1348 Ille
479 1293 563 1349 etiam
581 1291 679 1363 patriis
699 1306 796 1359 agmen
816 1288 872 1343 ciet
892 1287 984 1342 Ocnus
1003 1287 1040 1342 ab
1061 1288 1127 1359 oris,

373 1368 515 1425 Fatidicae
535 1370 649 1425 Mantus
667 1370 697 1422 et
708 1366 788 1421 Tusci
809 1365 883 1418 filius
902 1362 1000 1432 amnis,

373 1444 427 1509 Qui
446 1462 538 1499 muros
558 1444 710 1513 matrisque
729 1441 808 1496 dedit
829 1433 889 1508 tibi,
909 1439 1033 1504 Mantua,
1054 1456 1164 1509 nomen,
1190 1454 1225 1495 stt

372 1521 497 1589 Mantua,
516 1520 593 1574 divos
614 1519 689 1583 avis;
712 1517 763 1572 sed
783 1533 838 1570 non
857 1531 945 1584 genus
962 1514 1092 1571 omnibus
1111 1532 1207 1571 unum.

374 1597 447 1651 Gens
465 1597 504 1652 illi
522 1595 632 1664 triplex,
651 1593 744 1663 populi
763 1591 815 1646 suh
834 1595 917 1660 gente
936 1592 1084 1679 qpaterni3

374 1672 439 1741 Ipsa
458 1674 541 1742 caput
558 1670 683 1740 populis3
706 1670 793 1723 Tusco
815 1666 851 1721 de
872 1666 1104 1734 sanguinevrrea

375 1748 447 1803 Hinc
466 1763 574 1817 quoquo
593 1742 784 1816 quingentos
776 1760 804 1797 nr
824 1759 855 1796 se
874 1740 1029 1795 Mezentius
1048 1746 1150 1812 armat,

374 1823 448 1887 Quos
468 1827 548 1893 patre
569 1823 678 1877 Benaco
697 1820 804 1875 relatus
823 1817 957 1873 arundine
976 1817 1074 1885 glauca
1191 1834 1226 1873 aas

374 1898 490 1953 Mincius
507 1899 608 1954 infesta
626 1896 770 1953 ducebat
762 1913 791 1950 in
810 1909 930 1964 aequora
949 1893 1024 1963 pinu

375 1975 404 2028 It
420 1974 511 2043 gravis
532 1975 669 2040 Aulestes,
691 1974 862 2039 centenaque
881 1968 980 2023 arbore
1000 1968 1118 2027 fluctum

374 2049 512 2103 Verberat
531 2050 697 2116 adsurgens;
721 2049 850 2115 spumant
869 2045 940 2101 vada
957 2062 1096 2101 marmore
1117 2062 1201 2101 verso.

375 2124 456 2178 Hunc
476 2123 552 2177 vehit
566 2123 682 2176 inmanis
702 2122 798 2176 Triton
817 2125 846 2177 et
863 2121 973 2176 caemla
986 2122 1090 2176 concha

373 2200 522 2253 Exterrens
539 2198 626 2264 frete;
650 2197 693 2252 cui
712 2197 831 2251 latorum
849 2201 931 2251 tenus
950 2196 1060 2266 hispida
1076 2204 1157 2254 nanti
1191 2213 1226 2253 alo

375 2276 462 2329 Frons
480 2274 619 2329 hominem
639 2274 768 2343 praefert,
787 2273 818 2326 in
835 2273 945 2343 pristim
963 2272 1066 2328 desinit
1086 2274 1182 2341 alrus3

374 2352 493 2420 Spumea
511 2349 638 2406 semifero
659 2350 711 2404 sub
731 2352 846 2418 pectore
866 2351 1020 2402 murmurat
1039 2350 1124 2405 unda
1183 2399 1188 2410 ,

409 2429 461 2483 'lot
480 2428 546 2483 lccti
564 2443 691 2497 proceres
711 2429 756 2482 tor
777 2425 856 2480 denis
876 2425 990 2479 navibus
1008 2424 1088 2480 ibant

374 2504 502 2560 Subsidio
523 2504 625 2572 Troiae,
642 2507 672 2558 et
692 2518 801 2572 campos
820 2501 885 2555 salis
903 2517 967 2555 acre
985 2500 1124 2557 secabant

409 2581 525 2649 Iamque
545 2580 605 2635 dies
623 2580 698 2634 caelo
714 2582 892 2644 concesserat,
912 2576 1039 2645 almaque
1059 2594 1146 2632 curru
1191 2594 1227 2633 ns

373 2655 400 2708 N
403 2656 526 2723 octivago
547 2654 657 2709 Phoebe
675 2654 797 2709 medium
817 2652 945 2724 pulsabat
963 2652 1125 2721 Olympum:

375 2732 609 2798 Aeneas-nequo
628 2731 701 2784 enim
719 2729 851 2784 memhris
870 2729 920 2784 dat
937 2745 1005 2784 cura
1026 2729 1187 2797 quietem-

375 2806 440 2875 Ipse
461 2805 559 2859 sedens
579 2805 742 2873 clavumque
761 2805 836 2874 regit
855 2805 977 2875 velisque
997 2804 1145 2860 ministrat

375 2884 471 2952 Atque
492 2881 532 2936 illi
548 2880 640 2935 medio
659 2881 689 2935 in
707 2882 796 2950 spatio
819 2882 925 2949 chorus,
941 2898 1011 2949 occe,
1029 2897 1142 2935 suarum

375 2957 502 3013 Occurrit
520 2956 666 3012 comitum:
691 2957 843 3026 Nymphae,
863 2974 931 3025 quas
950 2957 1022 3011 alma
1041 2955 1153 3025 Cybebe
1191 2972 1227 3012 ms

374 3033 484 3089 Numen
503 3033 604 3088 habere
624 3033 708 3089 maris
728 3033 924 3104 Nymphasque
944 3031 1096 3088 anavibus
1114 3048 1181 3094 esse,

375 3108 506 3177 Iusserat,
526 3109 657 3165 innabant
677 3109 785 3178 pariter
802 3109 956 3178 fluctusque
974 3108 1111 3176 secabant,

375 3185 449 3250 Quot
468 3186 545 3255 prius
566 3189 676 3242 cerame
696 3188 832 3240 steterant
851 3185 888 3238 ad
908 3185 990 3238 litore
1008 3200 1113 3254 prorae.

375 3260 557 3329 adgnoscunt
577 3262 658 3329 longe
676 3277 778 3329 regem,
800 3261 973 3329 lustrantque
991 3259 1104 3315 choreis

374 3334 496 3399 Quarum
515 3352 586 3404 quae
605 3336 682 3390 fandi
703 3335 863 3389 doctissima
887 3336 1062 3405 Cymodocea,
1190 3352 1228 3394 m

368 3408 447 3466 Pone
463 3428 584 3485 sequens
604 3412 707 3469 dextra
724 3412 842 3482 puppim
856 3411 967 3476 tenets
960 3428 1078 3477 ipsaque
1091 3410 1176 3465 dorso

352 3483 477 3560 Bmmet,
497 3509 533 3549 ac
553 3490 638 3551 laeva
661 3489 761 3549 tacitis
780 3485 958 3551 subremigat
975 3483 1070 3534 andra

333 3558 412 3684 ¹Pam
434 3569 483 3627 sic
498 3571 645 3644 ignarum
668 3565 860 3637 adloquitur:
877 3555 1042 3623 Vltima
1059 3553 1149 3603 mm
1164 3562 1252 3611 tm
