3242 4159
351 537 355 550 '
390 524 421 578 78
627 523 657 572 P.
676 521 832 571 VERGILI
849 521 1017 571 MABorsrs

390 605 544 668 Hauserat3
562 600 676 656 arebant
695 602 806 669 herbae,
825 605 855 656 et
872 619 937 656 cava
954 602 1066 658 flumina
1081 604 1161 662 sioeis

390 680 525 737 Faucibus
543 680 579 732 ad
597 679 690 731 limum
709 678 779 732 radii
797 679 935 748 tepefacta
952 681 1120 749 coquebant:
1135 695 1139 702 ’

390 762 460 815 (lum
478 757 596 810 Proteus
613 761 742 810 consueta
760 761 858 826 petens
876 774 892 810 e
909 757 1037 811 fluctibus
1053 762 1134 814 antra

389 838 454 891 Ibat
462 857 469 902 ;
487 852 549 889 eum
567 834 638 887 vasti
656 834 756 887 circum
774 852 842 903 gens
860 835 972 888 humida
988 836 1065 904 ponti
1213 853 1249 893 aaa

388 914 535 968 lesultaus
553 928 644 966 rorem
662 912 717 964 late
736 911 871 980 dispergit
888 921 1017 965 amarum.

388 990 522 1045 Sternunt
540 1006 569 1043 se
587 1005 680 1042 somno
699 988 823 1042 diversae
840 990 868 1041 iu
886 988 966 1042 litore
983 988 1100 1055 phocae3

389 1066 461 1135 lpse,
479 1067 555 1120 velut
573 1065 672 1119 stabuli
690 1069 781 1119 custos
798 1066 826 1119 in
844 1065 981 1119 montibus
999 1064 1071 1133 olim,

388 1142 496 1212 Vesper
513 1143 560 1195 ubi
580 1160 595 1196 e
613 1145 694 1209 pastu
712 1142 813 1195 vitulos
831 1142 867 1195 ad
884 1144 959 1194 tecta
975 1139 1082 1193 reducit

388 1219 556 1289 Auditisque
574 1220 652 1288 lupos
671 1222 771 1273 acuunt
788 1218 925 1271 balatibus
941 1216 1011 1284 agni,
1210 1232 1247 1272 sse

388 1294 513 1349 Concidit
532 1295 640 1364 scopulo
659 1295 773 1363 medius,
792 1308 989 1361 numerumque
1007 1297 1137 1348 recenset.

388 1370 471 1425 Cuius
491 1373 618 1426 Aristaeo
639 1372 765 1441 quoniam
784 1375 828 1425 est
845 1370 938 1423 oblata
954 1369 1076 1435 facultas,

387 1447 442 1500 Vix
460 1445 567 1501 defessa
585 1464 678 1501 senem
698 1464 794 1515 passus
812 1462 965 1515 conponere
982 1445 1112 1512 membra,

387 1523 456 1577 Cum
473 1523 591 1577 clamore
610 1524 666 1576 ruit
685 1540 790 1590 magno,
809 1522 976 1591 manicisque
991 1522 1125 1575 iacentem

387 1597 527 1667 Occupat¹
553 1598 605 1651 Ille
623 1615 688 1652 suae
708 1603 802 1651 contra
819 1615 873 1651 non
891 1598 1025 1652 inmemor
1041 1598 1109 1651 artis
1206 1612 1243 1653 m

386 1673 484 1728 Omnia
502 1675 680 1729 transformat
699 1690 758 1727 sese
776 1674 804 1726 in
823 1674 953 1727 miracula
969 1691 1068 1740 rerum,

386 1750 545 1821 lienemque,
557 1751 772 1819 horribilemque
783 1752 878 1817 feram,
890 1750 1056 1818 fluviumque
1067 1750 1230 1819 liquentem.

385 1826 490 1881 Verum
507 1828 553 1882 ubi
570 1827 646 1881 nulla
661 1828 755 1895 fugam
772 1827 878 1895 reperit
895 1826 1006 1893 fallacia,
1025 1826 1112 1879 victus

385 1901 420 1955 In
438 1920 497 1957 sese
514 1903 594 1972 redit,
613 1906 697 1971 atquo
716 1904 835 1957 hominis
853 1902 965 1957 tandem
984 1918 1031 1956 ore
1048 1903 1168 1958 loeutus:

384 1977 455 2031 Nam
474 1980 535 2047 quis
551 1988 588 2045 te,
607 1980 736 2032 iuvenum
755 1979 992 2046 confidentissime,
1009 1983 1117 2033 noshas
1203 1996 1256 2050 ese,

384 2054 470 2107 Iussit
481 2054 558 2108 adire
571 2054 682 2109 domosl
701 2055 802 2124 quidve
815 2055 878 2107 hine
889 2055 977 2124 petisl
992 2055 1088 2123 iuquit
1124 2058 1164 2109 At
1175 2057 1240 2114 ille:

383 2129 449 2198 Scis,
468 2130 578 2197 Proteu‚
598 2130 650 2183 scis
667 2131 741 2198 ipse;
760 2148 849 2199 neque
866 2135 908 2184 est
923 2135 953 2184 te
968 2131 1063 2185 fallere
1079 2132 1240 2200 quiequam

383 2204 439 2259 Sed
456 2208 488 2259 tu
505 2205 599 2260 desine
616 2206 694 2259 velle.
731 2206 821 2260 Deum
839 2211 985 2275 praecepta
1003 2208 1088 2261 secut'

382 2280 523 2349 Venimus,
540 2281 602 2336 hine
620 2281 698 2335 lassis
717 2284 870 2350 quaesitum
890 2283 998 2336 oracula
1015 2282 1104 2336 rebus.

382 2356 499 2411 Tantum
518 2358 622 2413 effatus.
659 2359 706 2414 Ad
724 2359 795 2432 haee
809 2362 886 2412 vates
905 2359 931 2411 vi
950 2359 1068 2427 denique
1085 2359 1174 2413 multa
1201 2374 1240 2415 sto

382 2434 514 2489 Ardentis
532 2436 624 2489 oculos
641 2433 754 2488 intorsit
770 2433 873 2488 lumine
891 2435 994 2502 glauco,

381 2508 418 2564 Et
434 2512 555 2579 graviter
572 2512 704 2566 heudone
723 2511 761 2564 sie
779 2511 844 2564 fatis
863 2527 911 2563 ora
930 2512 1054 2565 resolvit:

416 2586 478 2639 Nou
496 2591 525 2641 to
543 2588 642 2641 nullius
662 2590 792 2641 exercent
809 2587 928 2640 numinis
946 2588 1009 2639 irae.

380 2647 481 2727 Magna
498 2663 550 2715 luis
568 2664 723 2717 commissa:
742 2662 793 2715 tibi
812 2663 862 2716 has
880 2662 1041 2716 miserabilis
1059 2666 1187 2732 Orpheus

381 2735 465 2789 Haud
483 2755 619 2806 quaquam
638 2738 673 2790 ob
693 2740 821 2791 meritum
841 2756 950 2807 poenas,
967 2739 996 2791 ni
1014 2739 1083 2792 Fata
1098 2740 1237 2808 resistant,

380 2812 507 2879 suscitat,
526 2817 554 2866 et
572 2817 652 2883 rapta
669 2814 792 2881 graviter
810 2831 861 2882 pro
881 2816 994 2883 coniuge
1012 2814 1105 2869 saevit
1202 2833 1239 2870 eto

380 2887 433 2941 Illa
450 2888 569 2958 quidem,
589 2890 654 2942 dum
672 2894 702 2943 te
719 2891 830 2958 fugeret
848 2909 898 2961 per
917 2892 1028 2945 flumina
1044 2907 1183 2960 praeceps,

379 2962 521 3019 Iomanem
539 2966 706 3034 antepedes
724 2967 842 3035 hydrum
861 2969 994 3021 moritura
1011 2968 1101 3037 puella

379 3041 540 3096 Servautem
557 3042 631 3111 ripas
649 3043 705 3097 alta
723 3060 776 3096 non
796 3043 866 3097 vidit
883 3044 912 3097 iu
930 3044 1023 3098 herba.

379 3117 419 3171 At
437 3119 535 3172 chorus
552 3119 674 3188 aequalis
693 3119 833 3187 Dryadum
851 3120 969 3174 clamore
988 3137 1129 3189 supremos
1201 3135 1238 3173 sor
1285 3147 1294 3165 x

379 3192 523 3262 inplerunt
540 3196 657 3261 montis3
674 3195 776 3248 flerunt
797 3196 974 3264 Rhodopeiae
992 3213 1077 3264 arces,
1244 3211 1255 3220 “

379 3269 499 3339 Altaque
519 3271 652 3341 Pangaea,
672 3275 701 3325 ct
719 3271 805 3325 Rhesi
824 3272 960 3325 Mavortia
978 3272 1067 3341 tellus,

378 3345 473 3414 Atque
491 3347 586 3413 Getae,
605 3351 691 3416 atque
710 3347 878 3415 Hebr1m,et
897 3348 993 3400 Actias
1012 3347 1145 3415 Orithyia.

366 3418 442 3486 Ipse
462 3437 529 3475 cara
545 3422 638 3477 solans
656 3440 771 3493 aegrum
788 3422 930 3477 testudine
947 3440 1076 3489 amorem,

351 3489 396 3557 Te
419 3493 515 3549 duleis
534 3502 666 3570 coniunx,
689 3506 718 3557 te
738 3501 799 3557 solo
816 3499 951 3555 inlitora
967 3513 1073 3560 secum,
1210 3510 1249 3548 ns

338 3557 377 3618 ro
396 3570 617 3645 reuertente,
636 3589 672 3637 te
694 3579 866 3638 decedente
883 3572 1015 3631 canebat
