3242 4159
375 530 423 579 om
523 513 527 519 ’
630 526 812 575 Arsames
831 526 902 576 mr.
925 526 990 576 vn.

375 607 506 674 Sustinet,
527 607 666 659 Aetnaeos
684 606 821 660 efflantem
839 606 962 661 faucibus
979 606 1059 675 iguis,

375 684 441 736 Tam
459 684 545 750 magis
562 684 609 734 illa
626 683 747 735 fremens
765 688 794 736 et
812 683 938 737 tristibus
956 682 1041 736 clieta
1058 683 1182 752 ssummia,

374 760 461 823 Quam
480 759 566 826 magis
584 758 669 811 effuso
687 757 854 812 crudescunt
871 757 1004 826 sanguiue
1021 775 1138 827 pugnae

373 836 416 889 At
432 835 521 889 levem
539 835 656 902 elipeum
674 835 789 887 sublatis
807 835 935 888 cornibus
953 835 986 889 Io

372 913 451 965 Auro
469 911 622 981 insignibat,
648 911 702 964 iam
721 912 805 965 saetis
824 911 921 980 obsita,
938 912 993 965 iam
1010 912 1068 980 bos,
1189 927 1221 971 rao

372 988 576 1055 Argumentum
593 988 696 1054 ingens,
714 991 744 1041 et
761 990 854 1041 custos
871 988 985 1056 virginis
1005 989 1107 1057 Argus,

372 1063 539 1131 Caelataque
557 1079 664 1116 amnem
682 1063 799 1117 fundens
815 1068 896 1132 pater
915 1064 1032 1118 Inachus
1048 1083 1126 1121 urna

372 1138 531 1208 Insequitur
548 1138 657 1193 nimbus
674 1140 806 1207 peditum,
825 1140 997 1210 clipeataque
1014 1142 1082 1197 totis

371 1216 491 1283 Agmina
509 1214 660 1269 densentur
677 1216 787 1285 campis,
806 1216 966 1285 Argivaque
983 1217 1072 1285 pubes

370 1292 572 1359 Auruncaeque
590 1308 695 1359 manus,
713 1292 809 1345 Rutuli
827 1296 991 1361 veteresque
1009 1294 1100 1348 Sicani
1187 1309 1220 1350 ree

370 1367 407 1421 Et
426 1368 561 1422 Sacranae
578 1368 651 1422 acies
668 1370 698 1421 et
715 1368 782 1437 picti
799 1371 877 1422 scuta
895 1368 1004 1434 Labiei;

370 1444 423 1508 Qui
441 1444 534 1511 saltus,
553 1444 687 1510 Tiberine,
706 1448 776 1512 tuos,
794 1445 957 1513 sacrumque
974 1445 1085 1499 Numici

369 1518 449 1573 Litus
465 1523 552 1587 arant,
571 1520 743 1587 Rutulosque
761 1522 890 1574 exercent
907 1537 1018 1575 vomere
1035 1522 1119 1587 collis,

369 1595 565 1664 Circaeumque
583 1595 684 1663 iugum,
703 1595 765 1664 quis
785 1596 912 1665 Iuppiter
929 1598 1062 1651 Anxurus
1080 1599 1154 1653 arvis

369 1670 519 1740 l'racsidet,
537 1674 567 1726 et
583 1671 665 1724 viridi
682 1671 806 1739 gaudens
825 1671 942 1725 Feronia
958 1671 1035 1739 luce;
1186 1690 1220 1729 eoo

369 1748 429 1812 Qua
447 1749 563 1802 Saturae
580 1748 652 1802 iacet
670 1752 731 1801 atra
747 1748 835 1816 palus,
853 1747 1016 1817 gelidusque
1033 1766 1085 1817 per
1102 1749 1172 1804 imas

367 1823 481 1888 Quaerit
499 1824 553 1878 iter
570 1824 647 1878 vallis
665 1827 749 1893 atque
766 1824 794 1877 iu
812 1840 888 1879 mare
906 1824 1033 1878 conditur
1050 1825 1147 1881 Uicus
1197 1884 1199 1887 Α

402 1900 462 1953 Hos
481 1917 564 1969 super
581 1900 693 1954 advenit
712 1899 812 1953 Volsca
830 1900 865 1954 (le
883 1904 967 1968 gente
985 1899 1108 1969 Oanulla,

368 1975 478 2043 agmen
495 1992 579 2043 agens
596 1977 721 2043 equitum
740 1978 769 2029 et
785 1976 909 2029 florentis
926 1992 990 2030 aere
1007 1980 1139 2044 catervas,

368 2050 510 2116 Bellatrix,
527 2068 581 2103 non
599 2051 647 2103 illa
665 2051 724 2104 colo
742 2051 891 2106 calathisve
909 2052 1051 2107 Minervae
1184 2069 1219 2110 eos

367 2125 511 2179 Femineas
527 2125 642 2179 adsueta
659 2142 763 2193 manus,
781 2126 832 2181 scd
848 2128 952 2196 proelia
968 2128 1045 2197 virgo

366 2201 443 2256 Dura
459 2201 518 2271 pati
535 2217 672 2268 cursuque
689 2202 792 2269 pedum
808 2207 985 2272 praevertere
1001 2208 1106 2260 ventos
1180 2254 1185 2273 ,

367 2277 420 2332 Illa
437 2278 481 2331 vel
498 2277 618 2332 intactae
637 2278 738 2345 segetis
755 2294 806 2345 per
823 2295 928 2333 summa
945 2279 1050 2334 volaret

366 2354 503 2422 Gramina,
522 2370 572 2408 nee
590 2357 698 2408 teneras
715 2370 797 2408 cursu
814 2355 939 2410 laesisset
955 2356 1067 2422 aristas3
1101 2421 1107 2427 ,

366 2428 420 2484 Vel
437 2447 514 2486 mare
530 2447 580 2500 per
597 2431 717 2486 medium
735 2430 821 2484 fluctu
838 2447 968 2500 suspensa
984 2435 1102 2488 tumenti
1183 2454 1219 2491 sio

367 2505 466 2560 Ferret
483 2507 544 2573 iter,
563 2507 660 2561 celcris
677 2523 728 2561 nee
745 2507 886 2574 tingueret
903 2524 1022 2576 aequore
1039 2509 1156 2578 plautas

367 2582 448 2636 Illam
466 2583 552 2635 omnis
569 2583 652 2637 tectis
670 2584 797 2652 agrisque
815 2582 901 2637 effusa
916 2584 1044 2638 iuventus

367 2658 513 2727 Turbaque
529 2658 645 2712 miratur
662 2663 781 2713 matrum
800 2662 829 2713 et
846 2663 1004 2729 prospectat
1020 2665 1140 2727 euntem,

368 2733 505 2787 Attonitis
522 2733 628 2786 inhians
646 2735 750 2799 animia,
767 2738 799 2788 ut
816 2736 909 2803 regius
926 2740 1001 2789 ostro

367 2809 451 2863 Velct
468 2808 553 2861 honos
570 2809 637 2862 levis
654 2809 789 2879 humeros,
807 2814 840 2865 ut
857 2811 941 2866 fibula
957 2812 1061 2867 crinem
1181 2833 1219 2873 sis

368 2886 447 2939 Auro
463 2885 636 2952 internectat,
655 2885 764 2953 Lyciam
781 2890 814 2940 ut
830 2891 910 2954 gerat
927 2888 987 2956 ipsa
1002 2888 1162 2957 pharetram

368 2960 404 3016 Et
422 2961 585 3031 pastoralem
602 2962 724 3031 praefixa
741 2962 854 3033 cuspide
871 2967 998 3033 myrtum
