<?xml version="1.0" encoding="UTF-8"?>
<!DOCTYPE html PUBLIC "-//W3C//DTD XHTML 1.0 Transitional//EN"
    "http://www.w3.org/TR/xhtml1/DTD/xhtml1-transitional.dtd">
<html xmlns="http://www.w3.org/1999/xhtml" xml:lang="en" lang="en">
 <head>
  <title>
</title>
<meta http-equiv="Content-Type" content="text/html;charset=utf-8" />
  <meta name='ocr-system' content='tesseract 3.04.00' />
  <meta name='ocr-capabilities' content='ocr_page ocr_carea ocr_par ocr_line ocrx_word'/>
</head>
<body>
  <div class='ocr_page' id='page_1' title='image "./publivergilimar00conigoog/publivergilimar00conigoog_0333.png"; bbox 0 0 3242 4159; ppageno 0'>
   <div class='ocr_carea' id='block_1_1' title="bbox 640 525 1221 579">
    <p class='ocr_par' dir='ltr' id='par_1_1' title="bbox 640 525 1221 579">
     <span class='ocr_line' id='line_1_1' title="bbox 640 525 1221 579; baseline 0.005 -5"><span class='ocrx_word' id='word_1_1' title='bbox 640 525 826 575; x_wconf 71' lang='lat' dir='ltr'>sannices</span> <span class='ocrx_word' id='word_1_2' title='bbox 843 526 912 577; x_wconf 85' lang='lat' dir='ltr'>LIB.</span> <span class='ocrx_word' id='word_1_3' title='bbox 930 526 982 577; x_wconf 89' lang='lat' dir='ltr'>XI.</span> <span class='ocrx_word' id='word_1_4' title='bbox 1176 530 1221 579; x_wconf 82' lang='lat'>307</span> 
     </span>
    </p>
   </div>
   <div class='ocr_carea' id='block_1_2' title="bbox 355 608 1263 3655">
    <p class='ocr_par' dir='ltr' id='par_1_2' title="bbox 355 608 1263 3655">
     <span class='ocr_line' id='line_1_2' title="bbox 369 608 1205 679; baseline -0.004 -13"><span class='ocrx_word' id='word_1_5' title='bbox 369 610 516 679; x_wconf 81' lang='lat' dir='ltr'>Sanguinis</span> <span class='ocrx_word' id='word_1_6' title='bbox 534 609 580 665; x_wconf 87' lang='lat' dir='ltr'>ills</span> <span class='ocrx_word' id='word_1_7' title='bbox 598 626 709 664; x_wconf 87' lang='lat' dir='ltr'>vomens</span> <span class='ocrx_word' id='word_1_8' title='bbox 727 608 798 661; x_wconf 87' lang='lat' dir='ltr'>rivos</span> <span class='ocrx_word' id='word_1_9' title='bbox 816 608 898 675; x_wconf 87' lang='lat' dir='ltr'>cadit,</span> <span class='ocrx_word' id='word_1_10' title='bbox 917 611 1001 676; x_wconf 88' lang='lat' dir='ltr'>atque</span> <span class='ocrx_word' id='word_1_11' title='bbox 1018 612 1159 663; x_wconf 87' lang='lat' dir='ltr'>cruentam</span> <span class='ocrx_word' id='word_1_12' title='bbox 1203 631 1205 634; x_wconf 90' lang='lat'><em>·</em></span> 
     </span>
     <span class='ocr_line' id='line_1_3' title="bbox 371 683 1222 756; baseline -0.001 -14"><span class='ocrx_word' id='word_1_13' title='bbox 371 687 480 742; x_wconf 78' lang='lat' dir='ltr'>blandit</span> <span class='ocrx_word' id='word_1_14' title='bbox 498 686 619 756; x_wconf 91' lang='lat' dir='ltr'>humum,</span> <span class='ocrx_word' id='word_1_15' title='bbox 637 686 810 752; x_wconf 87' lang='lat' dir='ltr'>moriensque</span> <span class='ocrx_word' id='word_1_16' title='bbox 829 701 877 736; x_wconf 86' lang='lat' dir='ltr'>suo</span> <span class='ocrx_word' id='word_1_17' title='bbox 896 700 926 737; x_wconf 88' lang='lat' dir='ltr'>se</span> <span class='ocrx_word' id='word_1_18' title='bbox 944 683 972 736; x_wconf 93' lang='lat' dir='ltr'>in</span> <span class='ocrx_word' id='word_1_19' title='bbox 991 685 1102 740; x_wconf 88' lang='lat' dir='ltr'>volnere</span> <span class='ocrx_word' id='word_1_20' title='bbox 1123 691 1222 741; x_wconf 83' lang='lat' dir='ltr'>versat.</span> 
     </span>
     <span class='ocr_line' id='line_1_4' title="bbox 371 764 1198 832; baseline 0.002 -14"><span class='ocrx_word' id='word_1_21' title='bbox 371 768 440 819; x_wconf 87' lang='lat' dir='ltr'>Tum</span> <span class='ocrx_word' id='word_1_22' title='bbox 454 765 546 832; x_wconf 88' lang='lat' dir='ltr'>Lirim,</span> <span class='ocrx_word' id='word_1_23' title='bbox 560 765 749 832; x_wconf 77' lang='lat' dir='ltr'>Pagasumque</span> <span class='ocrx_word' id='word_1_24' title='bbox 761 779 858 831; x_wconf 88' lang='lat' dir='ltr'>super;</span> <span class='ocrx_word' id='word_1_25' title='bbox 871 778 985 829; x_wconf 90' lang='lat' dir='ltr'>quorum</span> <span class='ocrx_word' id='word_1_26' title='bbox 997 764 1067 817; x_wconf 88' lang='lat' dir='ltr'>alter</span> <span class='ocrx_word' id='word_1_27' title='bbox 1079 766 1198 819; x_wconf 77' lang='lat' dir='ltr'><strong>habenas</strong></span> 
     </span>
     <span class='ocr_line' id='line_1_5' title="bbox 372 840 1237 910; baseline -0.002 -13"><span class='ocrx_word' id='word_1_28' title='bbox 372 843 491 897; x_wconf 82' lang='lat' dir='ltr'>Suffosso</span> <span class='ocrx_word' id='word_1_29' title='bbox 509 843 649 895; x_wconf 89' lang='lat' dir='ltr'>revolutus</span> <span class='ocrx_word' id='word_1_30' title='bbox 667 857 737 910; x_wconf 87' lang='lat' dir='ltr'>equo</span> <span class='ocrx_word' id='word_1_31' title='bbox 756 840 822 893; x_wconf 81' lang='lat' dir='ltr'>&lt;lum</span> <span class='ocrx_word' id='word_1_32' title='bbox 841 840 950 907; x_wconf 79' lang='lat' dir='ltr'>colligit,</span> <span class='ocrx_word' id='word_1_33' title='bbox 969 840 1039 894; x_wconf 87' lang='lat' dir='ltr'>alter</span> <span class='ocrx_word' id='word_1_34' title='bbox 1188 857 1237 896; x_wconf 62' lang='lat' dir='ltr'>atr«</span> 
     </span>
     <span class='ocr_line' id='line_1_6' title="bbox 372 917 1120 986; baseline -0.003 -13"><span class='ocrx_word' id='word_1_35' title='bbox 372 921 447 973; x_wconf 88' lang='lat' dir='ltr'>Dum</span> <span class='ocrx_word' id='word_1_36' title='bbox 466 918 540 973; x_wconf 91' lang='lat' dir='ltr'>subit</span> <span class='ocrx_word' id='word_1_37' title='bbox 558 937 589 973; x_wconf 89' lang='lat' dir='ltr'>ac</span> <span class='ocrx_word' id='word_1_38' title='bbox 607 920 734 973; x_wconf 86' lang='lat' dir='ltr'>dextram</span> <span class='ocrx_word' id='word_1_39' title='bbox 752 917 856 973; x_wconf 88' lang='lat' dir='ltr'>labenti</span> <span class='ocrx_word' id='word_1_40' title='bbox 874 919 965 973; x_wconf 87' lang='lat' dir='ltr'>tendit</span> <span class='ocrx_word' id='word_1_41' title='bbox 981 919 1120 986; x_wconf 79' lang='lat' dir='ltr'>inermem,</span> 
     </span>
     <span class='ocr_line' id='line_1_7' title="bbox 373 997 1189 1067; baseline -0.002 -18"><span class='ocrx_word' id='word_1_42' title='bbox 373 998 542 1064; x_wconf 78' lang='lat' dir='ltr'>Praecipites</span> <span class='ocrx_word' id='word_1_43' title='bbox 559 1000 717 1067; x_wconf 81' lang='lat' dir='ltr'>pariterque</span> <span class='ocrx_word' id='word_1_44' title='bbox 735 1002 826 1050; x_wconf 91' lang='lat' dir='ltr'>ruunt.</span> <span class='ocrx_word' id='word_1_45' title='bbox 862 997 914 1051; x_wconf 90' lang='lat' dir='ltr'>His</span> <span class='ocrx_word' id='word_1_46' title='bbox 932 998 1011 1051; x_wconf 81' lang='lat' dir='ltr'>addit</span> <span class='ocrx_word' id='word_1_47' title='bbox 1030 1000 1189 1050; x_wconf 78' lang='lat' dir='ltr'>Amastrum</span> 
     </span>
     <span class='ocr_line' id='line_1_8' title="bbox 374 1074 1156 1144; baseline -0.004 -16"><span class='ocrx_word' id='word_1_48' title='bbox 374 1075 561 1143; x_wconf 81' lang='lat' dir='ltr'>Hippotaden,</span> <span class='ocrx_word' id='word_1_49' title='bbox 580 1077 758 1144; x_wconf 82' lang='lat' dir='ltr'>sequiturque</span> <span class='ocrx_word' id='word_1_50' title='bbox 775 1076 935 1129; x_wconf 86' lang='lat' dir='ltr'>incumbens</span> <span class='ocrx_word' id='word_1_51' title='bbox 954 1077 1059 1129; x_wconf 88' lang='lat' dir='ltr'>eminus</span> <span class='ocrx_word' id='word_1_52' title='bbox 1076 1074 1156 1126; x_wconf 89' lang='lat' dir='ltr'>hasta</span> 
     </span>
     <span class='ocr_line' id='line_1_9' title="bbox 374 1148 1225 1221; baseline -0.006 -18"><span class='ocrx_word' id='word_1_53' title='bbox 374 1151 515 1219; x_wconf 82' lang='lat' dir='ltr'>Tereaque</span> <span class='ocrx_word' id='word_1_54' title='bbox 534 1151 772 1221; x_wconf 80' lang='lat' dir='ltr'>Harpalycumque</span> <span class='ocrx_word' id='word_1_55' title='bbox 795 1155 825 1205; x_wconf 88' lang='lat' dir='ltr'>et</span> <span class='ocrx_word' id='word_1_56' title='bbox 848 1151 1056 1219; x_wconf 84' lang='lat' dir='ltr'>Demophoonta</span> <span class='ocrx_word' id='word_1_57' title='bbox 1074 1148 1225 1204; x_wconf 72' lang='lat' dir='ltr'>Chromius-</span> 
     </span>
     <span class='ocr_line' id='line_1_10' title="bbox 393 1240 1226 1295; baseline -0.005 -17"><span class='ocrx_word' id='word_1_58' title='bbox 393 1259 397 1265; x_wconf 93' lang='lat'>-</span> <span class='ocrx_word' id='word_1_59' title='bbox 444 1244 516 1295; x_wconf 90' lang='lat' dir='ltr'>que;</span> <span class='ocrx_word' id='word_1_60' title='bbox 1190 1240 1226 1275; x_wconf 76' lang='lat' dir='ltr'>ca</span> 
     </span>
     <span class='ocr_line' id='line_1_11' title="bbox 375 1303 1092 1377; baseline -0.001 -21"><span class='ocrx_word' id='word_1_61' title='bbox 375 1304 503 1377; x_wconf 79' lang='lat' dir='ltr'>Quotque</span> <span class='ocrx_word' id='word_1_62' title='bbox 521 1304 621 1357; x_wconf 89' lang='lat' dir='ltr'>emissa</span> <span class='ocrx_word' id='word_1_63' title='bbox 638 1319 719 1356; x_wconf 89' lang='lat' dir='ltr'>manu</span> <span class='ocrx_word' id='word_1_64' title='bbox 737 1304 870 1357; x_wconf 88' lang='lat' dir='ltr'>contorsit</span> <span class='ocrx_word' id='word_1_65' title='bbox 889 1303 992 1371; x_wconf 87' lang='lat' dir='ltr'>spicula</span> <span class='ocrx_word' id='word_1_66' title='bbox 1009 1303 1092 1369; x_wconf 88' lang='lat' dir='ltr'>virgo,</span> 
     </span>
     <span class='ocr_line' id='line_1_12' title="bbox 374 1377 1152 1447; baseline -0.003 -15"><span class='ocrx_word' id='word_1_67' title='bbox 374 1380 427 1432; x_wconf 91' lang='lat' dir='ltr'>Tot</span> <span class='ocrx_word' id='word_1_68' title='bbox 446 1378 557 1447; x_wconf 90' lang='lat' dir='ltr'>Phrygii</span> <span class='ocrx_word' id='word_1_69' title='bbox 575 1379 698 1433; x_wconf 86' lang='lat' dir='ltr'>cecidere</span> <span class='ocrx_word' id='word_1_70' title='bbox 716 1377 776 1431; x_wconf 86' lang='lat' dir='ltr'>viri.</span> <span class='ocrx_word' id='word_1_71' title='bbox 814 1378 912 1432; x_wconf 91' lang='lat' dir='ltr'>Procul</span> <span class='ocrx_word' id='word_1_72' title='bbox 932 1378 1051 1445; x_wconf 86' lang='lat' dir='ltr'>Ornytus</span> <span class='ocrx_word' id='word_1_73' title='bbox 1069 1377 1152 1431; x_wconf 90' lang='lat' dir='ltr'>armis</span> 
     </span>
     <span class='ocr_line' id='line_1_13' title="bbox 375 1455 982 1524; baseline -0.003 -16"><span class='ocrx_word' id='word_1_74' title='bbox 375 1455 483 1524; x_wconf 88' lang='lat' dir='ltr'>Ignotis</span> <span class='ocrx_word' id='word_1_75' title='bbox 502 1459 530 1509; x_wconf 91' lang='lat' dir='ltr'>et</span> <span class='ocrx_word' id='word_1_76' title='bbox 548 1472 619 1523; x_wconf 92' lang='lat' dir='ltr'>equo</span> <span class='ocrx_word' id='word_1_77' title='bbox 637 1458 750 1508; x_wconf 83' lang='lat' dir='ltr'>venator</span> <span class='ocrx_word' id='word_1_78' title='bbox 768 1455 870 1523; x_wconf 85' lang='lat' dir='ltr'>Iapyge</span> <span class='ocrx_word' id='word_1_79' title='bbox 887 1456 982 1521; x_wconf 86' lang='lat' dir='ltr'>fertur,</span> 
     </span>
     <span class='ocr_line' id='line_1_14' title="bbox 376 1531 1002 1600; baseline -0.003 -14"><span class='ocrx_word' id='word_1_80' title='bbox 376 1532 428 1586; x_wconf 85' lang='lat' dir='ltr'>Oui</span> <span class='ocrx_word' id='word_1_81' title='bbox 445 1532 524 1600; x_wconf 88' lang='lat' dir='ltr'>pellis</span> <span class='ocrx_word' id='word_1_82' title='bbox 535 1532 612 1585; x_wconf 89' lang='lat' dir='ltr'>latos</span> <span class='ocrx_word' id='word_1_83' title='bbox 629 1531 756 1584; x_wconf 90' lang='lat' dir='ltr'>humeros</span> <span class='ocrx_word' id='word_1_84' title='bbox 775 1535 871 1599; x_wconf 88' lang='lat' dir='ltr'>crepta</span> <span class='ocrx_word' id='word_1_85' title='bbox 888 1531 1002 1584; x_wconf 85' lang='lat' dir='ltr'>iuvenco</span> 
     </span>
     <span class='ocr_line' id='line_1_15' title="bbox 376 1607 1228 1676; baseline -0.006 -15"><span class='ocrx_word' id='word_1_86' title='bbox 376 1608 527 1676; x_wconf 90' lang='lat' dir='ltr'>Pugnatori</span> <span class='ocrx_word' id='word_1_87' title='bbox 545 1607 642 1676; x_wconf 90' lang='lat' dir='ltr'>operit,</span> <span class='ocrx_word' id='word_1_88' title='bbox 660 1608 743 1674; x_wconf 88' lang='lat' dir='ltr'>caput</span> <span class='ocrx_word' id='word_1_89' title='bbox 759 1607 856 1675; x_wconf 90' lang='lat' dir='ltr'>ingens</span> <span class='ocrx_word' id='word_1_90' title='bbox 873 1607 929 1660; x_wconf 91' lang='lat' dir='ltr'>oris</span> <span class='ocrx_word' id='word_1_91' title='bbox 946 1607 1038 1661; x_wconf 88' lang='lat' dir='ltr'>hiatus</span> <span class='ocrx_word' id='word_1_92' title='bbox 1190 1618 1228 1656; x_wconf 76' lang='lat' dir='ltr'>oso</span> 
     </span>
     <span class='ocr_line' id='line_1_16' title="bbox 376 1683 1029 1751; baseline -0.002 -14"><span class='ocrx_word' id='word_1_93' title='bbox 376 1684 414 1738; x_wconf 82' lang='lat' dir='ltr'>Et</span> <span class='ocrx_word' id='word_1_94' title='bbox 432 1684 520 1738; x_wconf 87' lang='lat' dir='ltr'>malae</span> <span class='ocrx_word' id='word_1_95' title='bbox 537 1687 633 1738; x_wconf 87' lang='lat' dir='ltr'>texere</span> <span class='ocrx_word' id='word_1_96' title='bbox 649 1683 708 1751; x_wconf 91' lang='lat' dir='ltr'>lupi</span> <span class='ocrx_word' id='word_1_97' title='bbox 726 1699 787 1736; x_wconf 91' lang='lat' dir='ltr'>cum</span> <span class='ocrx_word' id='word_1_98' title='bbox 806 1683 935 1737; x_wconf 90' lang='lat' dir='ltr'>dentibus</span> <span class='ocrx_word' id='word_1_99' title='bbox 952 1684 1029 1750; x_wconf 88' lang='lat' dir='ltr'>albis,</span> 
     </span>
     <span class='ocr_line' id='line_1_17' title="bbox 376 1757 1120 1829; baseline -0.005 -15"><span class='ocrx_word' id='word_1_100' title='bbox 376 1760 561 1829; x_wconf 87' lang='lat' dir='ltr'>Agrestisqne</span> <span class='ocrx_word' id='word_1_101' title='bbox 579 1776 674 1812; x_wconf 87' lang='lat' dir='ltr'>manus</span> <span class='ocrx_word' id='word_1_102' title='bbox 691 1761 780 1813; x_wconf 89' lang='lat' dir='ltr'>armat</span> <span class='ocrx_word' id='word_1_103' title='bbox 798 1775 909 1826; x_wconf 80' lang='lat' dir='ltr'>spau1s;</span> <span class='ocrx_word' id='word_1_104' title='bbox 926 1760 985 1827; x_wconf 89' lang='lat' dir='ltr'>ipse</span> <span class='ocrx_word' id='word_1_105' title='bbox 1003 1757 1120 1812; x_wconf 80' lang='lat' dir='ltr'>catervis</span> 
     </span>
     <span class='ocr_line' id='line_1_18' title="bbox 376 1834 1084 1903; baseline -0.001 -14"><span class='ocrx_word' id='word_1_106' title='bbox 376 1836 506 1889; x_wconf 85' lang='lat' dir='ltr'>Vertitur</span> <span class='ocrx_word' id='word_1_107' title='bbox 522 1836 551 1889; x_wconf 90' lang='lat' dir='ltr'>in</span> <span class='ocrx_word' id='word_1_108' title='bbox 568 1835 673 1903; x_wconf 90' lang='lat' dir='ltr'>mediis,</span> <span class='ocrx_word' id='word_1_109' title='bbox 692 1838 721 1890; x_wconf 90' lang='lat' dir='ltr'>et</span> <span class='ocrx_word' id='word_1_110' title='bbox 738 1837 797 1888; x_wconf 83' lang='lat' dir='ltr'>tcto</span> <span class='ocrx_word' id='word_1_111' title='bbox 815 1834 918 1889; x_wconf 83' lang='lat' dir='ltr'>vertice</span> <span class='ocrx_word' id='word_1_112' title='bbox 936 1851 1018 1903; x_wconf 91' lang='lat' dir='ltr'>supra</span> <span class='ocrx_word' id='word_1_113' title='bbox 1035 1837 1084 1888; x_wconf 85' lang='lat' dir='ltr'>est</span> 
     </span>
     <span class='ocr_line' id='line_1_19' title="bbox 377 1909 1227 1981; baseline -0.005 -16"><span class='ocrx_word' id='word_1_114' title='bbox 377 1913 462 1965; x_wconf 89' lang='lat' dir='ltr'>Hunc</span> <span class='ocrx_word' id='word_1_115' title='bbox 478 1912 526 1965; x_wconf 88' lang='lat' dir='ltr'>illa</span> <span class='ocrx_word' id='word_1_116' title='bbox 544 1915 698 1981; x_wconf 86' lang='lat' dir='ltr'>exceptum,</span> <span class='ocrx_word' id='word_1_117' title='bbox 716 1926 805 1978; x_wconf 92' lang='lat' dir='ltr'>neque</span> <span class='ocrx_word' id='word_1_118' title='bbox 824 1910 895 1963; x_wconf 91' lang='lat' dir='ltr'>enim</span> <span class='ocrx_word' id='word_1_119' title='bbox 913 1910 990 1963; x_wconf 90' lang='lat' dir='ltr'>labor</span> <span class='ocrx_word' id='word_1_120' title='bbox 1012 1909 1121 1978; x_wconf 88' lang='lat' dir='ltr'>agmine</span> <span class='ocrx_word' id='word_1_121' title='bbox 1141 1925 1227 1972; x_wconf 87' lang='lat' dir='ltr'>verso,</span> 
     </span>
     <span class='ocr_line' id='line_1_20' title="bbox 377 1986 1228 2056; baseline -0.006 -15"><span class='ocrx_word' id='word_1_122' title='bbox 377 1988 496 2055; x_wconf 79' lang='lat' dir='ltr'>Traiicit,</span> <span class='ocrx_word' id='word_1_123' title='bbox 515 1992 544 2041; x_wconf 92' lang='lat' dir='ltr'>et</span> <span class='ocrx_word' id='word_1_124' title='bbox 562 1988 728 2056; x_wconf 89' lang='lat' dir='ltr'>superhaec</span> <span class='ocrx_word' id='word_1_125' title='bbox 746 1987 854 2039; x_wconf 91' lang='lat' dir='ltr'>inimico</span> <span class='ocrx_word' id='word_1_126' title='bbox 872 1990 982 2055; x_wconf 85' lang='lat' dir='ltr'>pectore</span> <span class='ocrx_word' id='word_1_127' title='bbox 999 1986 1090 2040; x_wconf 84' lang='lat' dir='ltr'>fatur:</span> <span class='ocrx_word' id='word_1_128' title='bbox 1192 1999 1228 2036; x_wconf 74' lang='lat' dir='ltr'>aas</span> 
     </span>
     <span class='ocr_line' id='line_1_21' title="bbox 378 2062 1031 2133; baseline -0.002 -15"><span class='ocrx_word' id='word_1_129' title='bbox 378 2063 460 2118; x_wconf 81' lang='lat' dir='ltr'>Silvis</span> <span class='ocrx_word' id='word_1_130' title='bbox 477 2066 512 2129; x_wconf 85' lang='lat' dir='ltr'>te,</span> <span class='ocrx_word' id='word_1_131' title='bbox 531 2063 676 2133; x_wconf 85' lang='lat' dir='ltr'>Tyrrhena,</span> <span class='ocrx_word' id='word_1_132' title='bbox 693 2063 766 2116; x_wconf 86' lang='lat' dir='ltr'>feras</span> <span class='ocrx_word' id='word_1_133' title='bbox 783 2063 889 2130; x_wconf 86' lang='lat' dir='ltr'>agitare</span> <span class='ocrx_word' id='word_1_134' title='bbox 907 2062 1031 2132; x_wconf 84' lang='lat' dir='ltr'>putastil</span> 
     </span>
     <span class='ocr_line' id='line_1_22' title="bbox 368 2138 1050 2207; baseline -0.001 -15"><span class='ocrx_word' id='word_1_135' title='bbox 368 2139 504 2193; x_wconf 86' lang='lat' dir='ltr'>Advenit</span> <span class='ocrx_word' id='word_1_136' title='bbox 521 2140 568 2207; x_wconf 90' lang='lat' dir='ltr'>qni</span> <span class='ocrx_word' id='word_1_137' title='bbox 585 2143 677 2192; x_wconf 82' lang='lat' dir='ltr'>vestra</span> <span class='ocrx_word' id='word_1_138' title='bbox 696 2139 754 2191; x_wconf 91' lang='lat' dir='ltr'>dies</span> <span class='ocrx_word' id='word_1_139' title='bbox 772 2138 951 2199; x_wconf 88' lang='lat' dir='ltr'>muliebribus</span> <span class='ocrx_word' id='word_1_140' title='bbox 968 2139 1050 2192; x_wconf 89' lang='lat' dir='ltr'>armis</span> 
     </span>
     <span class='ocr_line' id='line_1_23' title="bbox 379 2214 1229 2282; baseline -0.005 -15"><span class='ocrx_word' id='word_1_141' title='bbox 379 2214 474 2268; x_wconf 91' lang='lat' dir='ltr'>Verba</span> <span class='ocrx_word' id='word_1_142' title='bbox 490 2214 670 2282; x_wconf 85' lang='lat' dir='ltr'>redarguerit.</span> <span class='ocrx_word' id='word_1_143' title='bbox 706 2214 814 2268; x_wconf 88' lang='lat' dir='ltr'>Nomen</span> <span class='ocrx_word' id='word_1_144' title='bbox 831 2218 923 2268; x_wconf 87' lang='lat' dir='ltr'>tamen</span> <span class='ocrx_word' id='word_1_145' title='bbox 941 2215 1016 2268; x_wconf 86' lang='lat' dir='ltr'>haud</span> <span class='ocrx_word' id='word_1_146' title='bbox 1037 2215 1098 2268; x_wconf 88' lang='lat' dir='ltr'>leve</span> <span class='ocrx_word' id='word_1_147' title='bbox 1119 2216 1229 2281; x_wconf 87' lang='lat' dir='ltr'>patrum</span> 
     </span>
     <span class='ocr_line' id='line_1_24' title="bbox 379 2290 1081 2357; baseline -0.004 -11"><span class='ocrx_word' id='word_1_148' title='bbox 379 2290 509 2346; x_wconf 85' lang='lat' dir='ltr'>Manibus</span> <span class='ocrx_word' id='word_1_149' title='bbox 526 2291 578 2343; x_wconf 90' lang='lat' dir='ltr'>hoc</span> <span class='ocrx_word' id='word_1_150' title='bbox 594 2291 705 2357; x_wconf 83' lang='lat' dir='ltr'>referes,</span> <span class='ocrx_word' id='word_1_151' title='bbox 724 2291 779 2344; x_wconf 91' lang='lat' dir='ltr'>telo</span> <span class='ocrx_word' id='word_1_152' title='bbox 797 2291 927 2344; x_wconf 85' lang='lat' dir='ltr'>cecidisse</span> <span class='ocrx_word' id='word_1_153' title='bbox 946 2290 1081 2343; x_wconf 82' lang='lat' dir='ltr'>Camillae.</span> 
     </span>
     <span class='ocr_line' id='line_1_25' title="bbox 380 2364 1230 2432; baseline -0.007 -13"><span class='ocrx_word' id='word_1_154' title='bbox 380 2367 510 2420; x_wconf 89' lang='lat' dir='ltr'>Protinus</span> <span class='ocrx_word' id='word_1_155' title='bbox 526 2366 697 2419; x_wconf 88' lang='lat' dir='ltr'>Orsilochum</span> <span class='ocrx_word' id='word_1_156' title='bbox 714 2369 743 2420; x_wconf 88' lang='lat' dir='ltr'>ct</span> <span class='ocrx_word' id='word_1_157' title='bbox 760 2367 859 2432; x_wconf 90' lang='lat' dir='ltr'>Buten,</span> <span class='ocrx_word' id='word_1_158' title='bbox 877 2365 931 2417; x_wconf 92' lang='lat' dir='ltr'>duo</span> <span class='ocrx_word' id='word_1_159' title='bbox 951 2380 1077 2417; x_wconf 84' lang='lat' dir='ltr'>maxuma</span> <span class='ocrx_word' id='word_1_160' title='bbox 1096 2364 1230 2417; x_wconf 83' lang='lat' dir='ltr'>Teucrum</span> 
     </span>
     <span class='ocr_line' id='line_1_26' title="bbox 380 2440 1230 2510; baseline -0.008 -14"><span class='ocrx_word' id='word_1_161' title='bbox 380 2443 520 2510; x_wconf 85' lang='lat' dir='ltr'>Corpora:</span> <span class='ocrx_word' id='word_1_162' title='bbox 540 2442 589 2495; x_wconf 87' lang='lat' dir='ltr'>scd</span> <span class='ocrx_word' id='word_1_163' title='bbox 607 2442 699 2496; x_wconf 89' lang='lat' dir='ltr'>Buten</span> <span class='ocrx_word' id='word_1_164' title='bbox 716 2450 841 2495; x_wconf 86' lang='lat' dir='ltr'>aversum</span> <span class='ocrx_word' id='word_1_165' title='bbox 860 2441 972 2509; x_wconf 89' lang='lat' dir='ltr'>cuspide</span> <span class='ocrx_word' id='word_1_166' title='bbox 989 2440 1051 2493; x_wconf 76' lang='lat' dir='ltr'>fixit</span> <span class='ocrx_word' id='word_1_167' title='bbox 1195 2453 1230 2489; x_wconf 82' lang='lat' dir='ltr'>on</span> 
     </span>
     <span class='ocr_line' id='line_1_27' title="bbox 381 2515 1082 2585; baseline -0.004 -14"><span class='ocrx_word' id='word_1_168' title='bbox 381 2518 505 2581; x_wconf 80' lang='lat' dir='ltr'>Loricam</span> <span class='ocrx_word' id='word_1_169' title='bbox 522 2518 683 2585; x_wconf 85' lang='lat' dir='ltr'>galeamque</span> <span class='ocrx_word' id='word_1_170' title='bbox 700 2518 779 2584; x_wconf 90' lang='lat' dir='ltr'>inter,</span> <span class='ocrx_word' id='word_1_171' title='bbox 798 2533 853 2585; x_wconf 92' lang='lat' dir='ltr'>qua</span> <span class='ocrx_word' id='word_1_172' title='bbox 870 2516 937 2569; x_wconf 84' lang='lat' dir='ltr'>colle</span> <span class='ocrx_word' id='word_1_173' title='bbox 954 2515 1082 2569; x_wconf 68' lang='lat' dir='ltr'>sedentis⁴</span> 
     </span>
     <span class='ocr_line' id='line_1_28' title="bbox 381 2592 1042 2663; baseline -0.005 -15"><span class='ocrx_word' id='word_1_174' title='bbox 381 2595 496 2660; x_wconf 84' lang='lat' dir='ltr'>Lucent,</span> <span class='ocrx_word' id='word_1_175' title='bbox 514 2598 543 2648; x_wconf 89' lang='lat' dir='ltr'>et</span> <span class='ocrx_word' id='word_1_176' title='bbox 560 2594 637 2648; x_wconf 85' lang='lat' dir='ltr'>laevo</span> <span class='ocrx_word' id='word_1_177' title='bbox 655 2594 794 2663; x_wconf 85' lang='lat' dir='ltr'>dependet</span> <span class='ocrx_word' id='word_1_178' title='bbox 811 2609 906 2660; x_wconf 80' lang='lat' dir='ltr'>parma</span> <span class='ocrx_word' id='word_1_179' title='bbox 923 2592 1042 2657; x_wconf 81' lang='lat' dir='ltr'>lacert03</span> 
     </span>
     <span class='ocr_line' id='line_1_29' title="bbox 382 2666 1198 2738; baseline -0.005 -15"><span class='ocrx_word' id='word_1_180' title='bbox 382 2669 563 2738; x_wconf 87' lang='lat' dir='ltr'>Orsilochum,</span> <span class='ocrx_word' id='word_1_181' title='bbox 581 2670 687 2738; x_wconf 86' lang='lat' dir='ltr'>fugiens</span> <span class='ocrx_word' id='word_1_182' title='bbox 705 2685 889 2737; x_wconf 89' lang='lat' dir='ltr'>magnumque</span> <span class='ocrx_word' id='word_1_183' title='bbox 907 2670 1011 2736; x_wconf 85' lang='lat' dir='ltr'>agitata</span> <span class='ocrx_word' id='word_1_184' title='bbox 1028 2685 1078 2737; x_wconf 91' lang='lat' dir='ltr'>per</span> <span class='ocrx_word' id='word_1_185' title='bbox 1095 2666 1198 2735; x_wconf 90' lang='lat' dir='ltr'>orbem,</span> 
     </span>
     <span class='ocr_line' id='line_1_30' title="bbox 382 2744 1233 2814; baseline -0.004 -15"><span class='ocrx_word' id='word_1_186' title='bbox 382 2744 479 2799; x_wconf 86' lang='lat' dir='ltr'>Illudit</span> <span class='ocrx_word' id='word_1_187' title='bbox 497 2762 562 2813; x_wconf 86' lang='lat' dir='ltr'>gyro</span> <span class='ocrx_word' id='word_1_188' title='bbox 580 2747 702 2814; x_wconf 85' lang='lat' dir='ltr'>interior,</span> <span class='ocrx_word' id='word_1_189' title='bbox 721 2745 900 2813; x_wconf 87' lang='lat' dir='ltr'>sequiturque</span> <span class='ocrx_word' id='word_1_190' title='bbox 919 2748 1095 2812; x_wconf 82' lang='lat' dir='ltr'>sequentem3</span> <span class='ocrx_word' id='word_1_191' title='bbox 1197 2757 1233 2796; x_wconf 79' lang='lat' dir='ltr'>eas</span> 
     </span>
     <span class='ocr_line' id='line_1_31' title="bbox 382 2820 1222 2891; baseline -0.005 -16"><span class='ocrx_word' id='word_1_192' title='bbox 382 2822 454 2875; x_wconf 86' lang='lat' dir='ltr'>Tum</span> <span class='ocrx_word' id='word_1_193' title='bbox 471 2822 589 2875; x_wconf 85' lang='lat' dir='ltr'>validam</span> <span class='ocrx_word' id='word_1_194' title='bbox 606 2839 711 2891; x_wconf 87' lang='lat' dir='ltr'>perque</span> <span class='ocrx_word' id='word_1_195' title='bbox 729 2838 805 2874; x_wconf 89' lang='lat' dir='ltr'>arma</span> <span class='ocrx_word' id='word_1_196' title='bbox 822 2821 881 2873; x_wconf 83' lang='lat' dir='ltr'>viro</span> <span class='ocrx_word' id='word_1_197' title='bbox 898 2838 1001 2890; x_wconf 89' lang='lat' dir='ltr'>perque</span> <span class='ocrx_word' id='word_1_198' title='bbox 1020 2838 1081 2874; x_wconf 87' lang='lat' dir='ltr'>ossa</span> <span class='ocrx_word' id='word_1_199' title='bbox 1098 2820 1222 2885; x_wconf 89' lang='lat' dir='ltr'>securim,</span> 
     </span>
     <span class='ocr_line' id='line_1_32' title="bbox 383 2897 1050 2965; baseline -0.004 -13"><span class='ocrx_word' id='word_1_200' title='bbox 383 2897 478 2952; x_wconf 82' lang='lat' dir='ltr'>Altior</span> <span class='ocrx_word' id='word_1_201' title='bbox 495 2914 653 2965; x_wconf 83' lang='lat' dir='ltr'>exsurgens,</span> <span class='ocrx_word' id='word_1_202' title='bbox 671 2898 759 2950; x_wconf 86' lang='lat' dir='ltr'>oranti</span> <span class='ocrx_word' id='word_1_203' title='bbox 778 2902 807 2950; x_wconf 89' lang='lat' dir='ltr'>ct</span> <span class='ocrx_word' id='word_1_204' title='bbox 825 2898 913 2954; x_wconf 86' lang='lat' dir='ltr'>multa</span> <span class='ocrx_word' id='word_1_205' title='bbox 930 2898 1050 2965; x_wconf 85' lang='lat' dir='ltr'>precanti</span> 
     </span>
     <span class='ocr_line' id='line_1_33' title="bbox 384 2971 1092 3040; baseline -0.007 -13"><span class='ocrx_word' id='word_1_206' title='bbox 384 2973 579 3040; x_wconf 87' lang='lat' dir='ltr'>Congeminat;</span> <span class='ocrx_word' id='word_1_207' title='bbox 596 2973 692 3026; x_wconf 79' lang='lat' dir='ltr'>volnus</span> <span class='ocrx_word' id='word_1_208' title='bbox 710 2973 798 3025; x_wconf 88' lang='lat' dir='ltr'>calido</span> <span class='ocrx_word' id='word_1_209' title='bbox 817 2973 890 3039; x_wconf 88' lang='lat' dir='ltr'>rigat</span> <span class='ocrx_word' id='word_1_210' title='bbox 908 2989 955 3024; x_wconf 88' lang='lat' dir='ltr'>ora</span> <span class='ocrx_word' id='word_1_211' title='bbox 973 2971 1092 3024; x_wconf 90' lang='lat' dir='ltr'>cerebro.</span> 
     </span>
     <span class='ocr_line' id='line_1_34' title="bbox 384 3046 1103 3118; baseline -0.01 -13"><span class='ocrx_word' id='word_1_212' title='bbox 384 3049 489 3105; x_wconf 89' lang='lat' dir='ltr'>Incidit</span> <span class='ocrx_word' id='word_1_213' title='bbox 506 3049 569 3103; x_wconf 92' lang='lat' dir='ltr'>huic</span> <span class='ocrx_word' id='word_1_214' title='bbox 588 3049 733 3118; x_wconf 90' lang='lat' dir='ltr'>subitoque</span> <span class='ocrx_word' id='word_1_215' title='bbox 750 3053 863 3115; x_wconf 86' lang='lat' dir='ltr'>aspectu</span> <span class='ocrx_word' id='word_1_216' title='bbox 881 3047 996 3100; x_wconf 90' lang='lat' dir='ltr'>territus</span> <span class='ocrx_word' id='word_1_217' title='bbox 1013 3046 1103 3099; x_wconf 88' lang='lat' dir='ltr'>haesit</span> 
     </span>
     <span class='ocr_line' id='line_1_35' title="bbox 384 3123 1236 3195; baseline -0.009 -15"><span class='ocrx_word' id='word_1_218' title='bbox 384 3125 621 3195; x_wconf 81' lang='lat' dir='ltr'>Appenninicolae</span> <span class='ocrx_word' id='word_1_219' title='bbox 639 3125 755 3179; x_wconf 88' lang='lat' dir='ltr'>bellator</span> <span class='ocrx_word' id='word_1_220' title='bbox 773 3124 846 3177; x_wconf 89' lang='lat' dir='ltr'>filius</span> <span class='ocrx_word' id='word_1_221' title='bbox 865 3123 946 3190; x_wconf 89' lang='lat' dir='ltr'>Anni,</span> <span class='ocrx_word' id='word_1_222' title='bbox 1199 3132 1236 3173; x_wconf 74' lang='lat' dir='ltr'>roo</span> 
     </span>
     <span class='ocr_line' id='line_1_36' title="bbox 385 3193 1212 3269; baseline -0.008 -14"><span class='ocrx_word' id='word_1_223' title='bbox 385 3200 472 3255; x_wconf 86' lang='lat' dir='ltr'>Haud</span> <span class='ocrx_word' id='word_1_224' title='bbox 490 3201 622 3269; x_wconf 86' lang='lat' dir='ltr'>Ligurum</span> <span class='ocrx_word' id='word_1_225' title='bbox 641 3205 788 3268; x_wconf 84' lang='lat' dir='ltr'>extremus,</span> <span class='ocrx_word' id='word_1_226' title='bbox 807 3201 874 3253; x_wconf 91' lang='lat' dir='ltr'>dum</span> <span class='ocrx_word' id='word_1_227' title='bbox 892 3198 987 3251; x_wconf 89' lang='lat' dir='ltr'>fallere</span> <span class='ocrx_word' id='word_1_228' title='bbox 1004 3197 1061 3249; x_wconf 81' lang='lat' dir='ltr'>iata</span> <span class='ocrx_word' id='word_1_229' title='bbox 1079 3193 1212 3249; x_wconf 90' lang='lat' dir='ltr'>sinebant.</span> 
     </span>
     <span class='ocr_line' id='line_1_37' title="bbox 386 3273 1115 3345; baseline -0.01 -14"><span class='ocrx_word' id='word_1_230' title='bbox 386 3278 479 3345; x_wconf 88' lang='lat' dir='ltr'>Isque,</span> <span class='ocrx_word' id='word_1_231' title='bbox 497 3277 544 3330; x_wconf 90' lang='lat' dir='ltr'>ubi</span> <span class='ocrx_word' id='word_1_232' title='bbox 563 3294 593 3331; x_wconf 86' lang='lat' dir='ltr'>se</span> <span class='ocrx_word' id='word_1_233' title='bbox 609 3277 684 3330; x_wconf 92' lang='lat' dir='ltr'>nullo</span> <span class='ocrx_word' id='word_1_234' title='bbox 702 3277 756 3329; x_wconf 92' lang='lat' dir='ltr'>iam</span> <span class='ocrx_word' id='word_1_235' title='bbox 774 3293 856 3331; x_wconf 92' lang='lat' dir='ltr'>cursu</span> <span class='ocrx_word' id='word_1_236' title='bbox 874 3273 990 3327; x_wconf 85' lang='lat' dir='ltr'>evadere</span> <span class='ocrx_word' id='word_1_237' title='bbox 1007 3288 1115 3340; x_wconf 88' lang='lat' dir='ltr'>pugnae</span> 
     </span>
     <span class='ocr_line' id='line_1_38' title="bbox 386 3347 1148 3427; baseline -0.012 -21"><span class='ocrx_word' id='word_1_238' title='bbox 386 3353 471 3406; x_wconf 87' lang='lat' dir='ltr'>Posse</span> <span class='ocrx_word' id='word_1_239' title='bbox 489 3369 579 3422; x_wconf 89' lang='lat' dir='ltr'>neque</span> <span class='ocrx_word' id='word_1_240' title='bbox 594 3352 742 3405; x_wconf 89' lang='lat' dir='ltr'>instantem</span> <span class='ocrx_word' id='word_1_241' title='bbox 761 3352 885 3427; x_wconf 60' lang='lat' dir='ltr'>geginam</span> <span class='ocrx_word' id='word_1_242' title='bbox 902 3353 1030 3402; x_wconf 71' lang='lat' dir='ltr'>avertere</span> <span class='ocrx_word' id='word_1_243' title='bbox 1046 3347 1148 3411; x_wconf 76' lang='lat' dir='ltr'>cernit,</span> 
     </span>
     <span class='ocr_line' id='line_1_39' title="bbox 384 3428 1204 3499; baseline -0.004 -19"><span class='ocrx_word' id='word_1_244' title='bbox 384 3428 501 3480; x_wconf 83' lang='lat' dir='ltr'>Consilio</span> <span class='ocrx_word' id='word_1_245' title='bbox 520 3444 630 3481; x_wconf 79' lang='lat' dir='ltr'>versare</span> <span class='ocrx_word' id='word_1_246' title='bbox 649 3428 728 3483; x_wconf 91' lang='lat' dir='ltr'>dolos</span> <span class='ocrx_word' id='word_1_247' title='bbox 746 3429 893 3499; x_wconf 86' lang='lat' dir='ltr'>ingressus</span> <span class='ocrx_word' id='word_1_248' title='bbox 912 3430 945 3480; x_wconf 86' lang='lat' dir='ltr'>et</span> <span class='ocrx_word' id='word_1_249' title='bbox 961 3428 1039 3491; x_wconf 78' lang='lat' dir='ltr'>astu,</span> <span class='ocrx_word' id='word_1_250' title='bbox 1197 3485 1204 3497; x_wconf 38' lang='grc' dir='ltr'>ι</span> 
     </span>
     <span class='ocr_line' id='line_1_40' title="bbox 368 3489 1263 3578; baseline -0.02 -26"><span class='ocrx_word' id='word_1_251' title='bbox 368 3500 475 3563; x_wconf 81' lang='lat' dir='ltr'>Incipit</span> <span class='ocrx_word' id='word_1_252' title='bbox 491 3500 576 3557; x_wconf 87' lang='lat' dir='ltr'>haec:</span> <span class='ocrx_word' id='word_1_253' title='bbox 599 3504 675 3569; x_wconf 87' lang='lat' dir='ltr'>Quid</span> <span class='ocrx_word' id='word_1_254' title='bbox 697 3510 759 3562; x_wconf 88' lang='lat' dir='ltr'>tam</span> <span class='ocrx_word' id='word_1_255' title='bbox 783 3507 950 3578; x_wconf 82' lang='lat' dir='ltr'>egregium,</span> <span class='ocrx_word' id='word_1_256' title='bbox 965 3504 993 3557; x_wconf 79' lang='lat' dir='ltr'>si</span> <span class='ocrx_word' id='word_1_257' title='bbox 1009 3489 1218 3554; x_wconf 64' lang='lat' dir='ltr'>ienixnaioxn</span> <span class='ocrx_word' id='word_1_258' title='bbox 1249 3491 1263 3524; x_wconf 69' lang='grc' dir='ltr'>ἰ</span> 
     </span>
     <span class='ocr_line' id='line_1_41' title="bbox 355 3563 1263 3655; baseline -0.007 -13"><span class='ocrx_word' id='word_1_259' title='bbox 355 3570 439 3623; x_wconf 69' lang='lat' dir='ltr'>aaa</span> <span class='ocrx_word' id='word_1_260' title='bbox 456 3579 555 3641; x_wconf 72' lang='lat' dir='ltr'>equor</span> <span class='ocrx_word' id='word_1_261' title='bbox 570 3578 705 3639; x_wconf 79' lang='lat' dir='ltr'>Dimitte</span> <span class='ocrx_word' id='word_1_262' title='bbox 723 3585 841 3655; x_wconf 72' lang='lat' dir='ltr'>agam,</span> <span class='ocrx_word' id='word_1_263' title='bbox 864 3588 897 3641; x_wconf 81' lang='lat' dir='ltr'>a</span> <span class='ocrx_word' id='word_1_264' title='bbox 914 3586 954 3638; x_wconf 74' lang='lat' dir='ltr'>ae</span> <span class='ocrx_word' id='word_1_265' title='bbox 972 3574 1147 3637; x_wconf 57' lang='lat' dir='ltr'>semensas</span> <span class='ocrx_word' id='word_1_266' title='bbox 1162 3563 1263 3619; x_wconf 53' lang='lat' dir='ltr'>‘W</span> 
     </span>
    </p>
   </div>
   <div class='ocr_carea' id='block_1_3' title="bbox 0 0 1650 4159">
    <p class='ocr_par' dir='ltr' id='par_1_3' title="bbox 0 0 1650 4159">
     <span class='ocr_line' id='line_1_42' title="bbox 0 0 1650 4159; baseline 0 0"><span class='ocrx_word' id='word_1_267' title='bbox 0 0 1650 4159; x_wconf 95' lang='lat' dir='ltr'> </span> 
     </span>
    </p>
   </div>
  </div>
 </body>
</html>
