3242 4159
637 530 823 582 AENRIDOS
844 530 916 584 LIB.
935 530 1002 583 ΧΠ.
1198 537 1246 588 cal

396 614 514 671 Turbati
531 616 619 686 cunei,
636 614 823 685 calefactaque
840 615 925 671 corda
940 615 1071 673 tumultu.

395 691 490 747 Hasta
501 693 603 762 volans,
615 695 648 748 ut
659 692 733 747 forte
743 707 844 747 norem
855 692 1040 761 pulcherrima
1049 693 1168 751 fratrum
1208 704 1253 753 'rto

396 766 521 837 Corpora
536 769 717 824 constiterant
734 770 837 835 contra,
855 784 924 837 quos
940 768 998 823 fida
1013 773 1122 825 crearat

394 842 462 898 Una
477 847 522 901 tot
539 845 660 900 Arcadio
678 843 796 898 coniunx
814 844 955 912 'tyrrhena
973 844 1096 914 Gylippu

395 919 507 974 Horum
522 937 609 975 unum
625 920 663 975 ad
679 919 809 988 medium,
827 919 930 974 teritur
947 937 1003 990 qua
1019 921 1109 977 sutilis
1125 922 1186 977 alvo

394 994 513 1051 Balteus
529 999 560 1052 et
576 996 695 1051 laterum
712 994 854 1050 iuncturas
871 996 956 1050 fibula
972 996 1090 1066 mordet,

394 1071 547 1140 Egregium
563 1072 653 1127 forma
669 1071 796 1126 iuvenem
814 1073 844 1125 et
860 1069 1030 1140 fulgentibus
1046 1072 1137 1141 armis,
1214 1086 1252 1132 m

394 1147 572 1217 Transadigit
588 1151 685 1216 costas,
703 1146 833 1215 fulvaque
851 1145 970 1201 offundit
987 1164 1080 1205 arena

395 1223 440 1278 At
454 1222 565 1291 fratres,
582 1224 705 1278 animosa
721 1221 842 1292 phalanx
859 1218 1028 1293 accensaque
1045 1225 1129 1292 luctu,

394 1298 467 1353 Pars
483 1299 589 1368 gladios
606 1300 747 1368 stringunt
762 1297 898 1365 manibus,
915 1313 980 1367 pars
997 1299 1101 1354 missile
1116 1301 1221 1356 ferrum

395 1373 563 1443 Corripiunt,
580 1374 709 1444 caecique
725 1376 820 1428 ruunt.
855 1373 930 1438 Quos
947 1374 1057 1443 agmina
1073 1377 1173 1430 contra

393 1449 566 1505 Procurrunt
578 1451 764 1516 Laurentum
781 1449 846 1504 hinc
857 1448 936 1504 densi
947 1466 1043 1505 rursus
1054 1450 1190 1507 inundant
1210 1467 1249 1508 aso

394 1526 483 1581 'I'roes
501 1526 680 1597 Agyllinique
697 1528 727 1580 et
743 1525 826 1594 pictis
844 1525 968 1580 Arcades
985 1526 1077 1584 armis

394 1601 442 1658 Sic
459 1602 548 1657 omnis
565 1619 642 1657 amor
661 1618 733 1656 unus
751 1600 837 1655 habet
855 1600 1003 1661 decernere
1020 1603 1102 1659 ferro.

394 1677 543 1746 Diripuere
562 1694 643 1743 aras3
661 1677 686 1732 it
702 1679 764 1732 toto
781 1676 895 1731 turbida
913 1677 988 1733 caelo

394 1753 555 1821 Tempestas
571 1753 698 1821 telorum,
718 1768 750 1806 ac
769 1751 877 1806 ferreus
893 1752 998 1820 ingruit
1014 1753 1120 1819 imber3

392 1829 580 1899 Oraterasque
594 1830 724 1898 focosque
740 1827 843 1882 ferunt.
879 1826 965 1896 Fugit
981 1829 1040 1897 ipse
1057 1829 1172 1885 namus
1208 1847 1247 1888 ase

394 1905 523 1960 Pulsatos
539 1905 661 1960 referem
678 1904 781 1959 infecto
799 1903 912 1958 foedere
929 1903 1014 1959 divos

394 1982 540 2037 Infrenant
556 1981 604 2037 alii
621 1997 726 2048 currus,
744 1983 793 2035 aut
809 1995 925 2049 corpora
943 1980 1016 2036 saltu

393 2056 549 2112 subiiciunt
566 2058 595 2112 in
613 2073 707 2126 equos,
726 2059 757 2111 et
776 2055 881 2111 strictis
900 2056 1012 2112 ensibus
1031 2056 1141 2117 adsunt.

393 2133 539 2204 Messapus
559 2149 654 2202 regem
665 2132 795 2203 regisque
814 2132 925 2202 insigne,
939 2136 1088 2205 gerentem,

391 2209 564 2279 'tyrrhenum
581 2209 731 2277 Aulesten'
741 2208 839 2263 avidus
856 2210 1021 2264 confundere
1035 2211 1138 2277 foedus,
1206 2226 1245 2268 aso

393 2285 521 2341 Adverso
538 2288 678 2354 proterret
696 2301 782 2354 equo;
799 2285 856 2339 ruit
872 2285 919 2338 ille
935 2285 1072 2351 recedens,

392 2362 432 2417 Et
448 2362 532 2416 miser
548 2360 680 2432 oppositis
696 2377 714 2415 a
729 2363 809 2429 tergo
826 2359 973 2414 involvitur
989 2360 1044 2415 aris

393 2437 429 2492 In
445 2440 529 2507 capnt
545 2437 628 2507 inque
644 2436 780 2490 humeros
815 2437 857 2491 At
873 2434 995 2490 fervidus
1011 2434 1121 2491 advolat
1137 2438 1217 2495 hasta

392 2513 542 2582 Messapus,
558 2513 670 2582 teloque
686 2514 811 2566 orantem
828 2510 916 2566 multa
931 2509 1031 2565 trabali

392 2589 520 2658 Desuper
529 2589 602 2643 altus
613 2604 685 2658 equo
696 2586 819 2657 graviter
829 2587 902 2653 ferit,
914 2589 998 2656 atque
1009 2586 1050 2641 itu
1060 2587 1149 2644 fatur:
1206 2606 1243 2646 aaa

393 2664 456 2719 Hoc
472 2664 572 2732 habet3
588 2664 657 2719 haec
674 2663 769 2718 melior
786 2663 893 2731 magnis
909 2662 977 2717 data
993 2662 1103 2720 victima
1119 2665 1197 2723 diris

392 2741 566 2798 Concurrunt
584 2739 844 2809 Itaffi'spoliantque
854 2739 979 2796 calentia
993 2739 1125 2799 membra.

392 2815 498 2872 Obvius
515 2816 670 2872 ambustum
686 2820 792 2872 torrem
809 2816 965 2886 Corynaeus
982 2816 1018 2872 ab
1034 2834 1084 2875 ara

393 2893 519 2963 Corripit
536 2897 566 2949 et
583 2893 703 2948 venienti
721 2892 811 2961 Ebyso
828 2892 991 2961 plagamque
1007 2894 1109 2948 ferenti

391 2968 518 3038 Occupat
534 2985 564 3024 os
581 2967 711 3033 flammis3
729 2968 776 3022 olli
791 2968 889 3037 ingens
904 2968 990 3022 barba
1006 2968 1112 3042 relurit
1207 2984 1245 3024 acc

391 3044 419 3100 N
420 3043 580 3115 idoremque
597 3043 723 3100 ambusta
740 3044 835 3111 dedit;
852 3061 935 3113 super
951 3044 1011 3112 ipse
1027 3046 1138 3108 secutus

392 3120 553 3176 caesariem
566 3121 644 3175 laeva
660 3120 767 3175 turbati
784 3120 899 3189 corripit
915 3119 1009 3185 hostis,

393 3196 577 3266 Inpressoque
594 3213 668 3265 genu
684 3197 774 3252 nitens
791 3200 884 3252 terrae
901 3195 1021 3263 adplicat
1037 3197 1142 3263 ipsum;

391 3271 439 3328 Sic
455 3272 545 3342 rigido
562 3273 635 3328 latus
652 3289 717 3327 cnse
733 3272 806 3327 ferit
842 3271 996 3326 Podalirius
1013 3271 1119 3337 Alsum,

392 3347 545 3418 Pastorem,
562 3348 706 3418 primaque
723 3348 781 3403 soie
797 3365 849 3418 per
865 3348 923 3403 tela
939 3350 1071 3413 ruentem
1207 3358 1246 3400 a}

387 3424 463 3478 Erras
477 3441 595 3494 sequens
610 3425 687 3481 nudo
705 3425 939 3498 superimminet3
949 3425 1002 3481 ille
1017 3421 1115 3479 secuta

375 3497 503 3554 adversi
515 3501 643 3560 rientem
659 3505 794 3565 mediam
808 3509 1006 3578 mentumque
1020 3498 1154 3559 ueduata

364 3568 486 3634 Dfflt'eit
503 3578 538 3627 et-
554 3594 657 3648 spatgo
677 3582 741 3644 lato
760 3585 848 3657 figat
866 3601 958 3644 mn,
974 3567 1096 3642 mord.
