3242 4159
374 528 420 575 166
605 523 636 573 Ρ.
655 521 807 571 VERGILI
824 520 992 570 MARONIS

374 612 513 680 lnstigant
531 609 639 678 studiis,
658 612 823 677 resonatque
840 607 997 676 fragoribus
1014 608 1119 663 aether.

375 689 414 743 Hi
430 688 570 757 proprium
588 686 672 740 decus
690 690 720 739 et
738 690 848 753 partum
866 685 1043 752 indignantur
1060 686 1191 741 honorem

374 763 411 817 Ni
428 767 549 831 teneant,
567 763 708 830 vitamque
728 761 824 814 volunt
842 778 892 829 pro
910 761 992 814 laude
1009 758 1124 830 pacisei3
1195 779 1227 817 aa

374 842 434 895 llos
453 855 592 893 successus
611 838 676 891 alit:
695 841 819 907 possunt,
838 838 902 907 quia
918 854 998 906 posse
1016 840 1154 894 videntur.

375 918 412 971 Et
428 917 485 969 fors
503 915 627 984 aequatis
645 915 781 982 cepissent
799 916 920 983 praemia
937 915 1042 983 rostris,

374 994 411 1047 Ni
428 993 533 1061 palmas
550 995 635 1060 ponto
654 991 772 1045 tendens
790 996 924 1060 utrasque
943 991 1095 1045 Cloanthus

374 1069 559 1136 Fudissetquc
577 1085 680 1135 preces,
700 1068 834 1136 divosque
852 1068 881 1121 in
899 1071 963 1121 vota
980 1074 1118 1122 vocasset:
1142 1121 1147 1130 ,

374 1146 417 1211 Di,
431 1145 530 1214 quibus
548 1145 684 1213 inperium
702 1146 793 1213 pelagi
811 1149 862 1210 est,
878 1162 995 1214 quorum
1012 1160 1133 1212 aequora
1147 1159 1228 1207 curro,

375 1221 460 1275 Vobis
478 1222 566 1275 laetus
584 1239 635 1289 ego
653 1222 703 1275 hoc
722 1222 885 1275 candentem
903 1223 932 1275 in
949 1222 1030 1275 litore
1048 1224 1160 1274 taurum
1202 1286 1208 1296 Ι

375 1297 546 1351 Censtituam
565 1304 716 1366 antemna,
735 1298 881 1365 rotimus,
900 1303 1019 1367 extaque
1037 1297 1124 1351 salsos

375 1374 522 1428 Porriciam
540 1377 568 1428 in
586 1376 685 1428 flnctus
704 1378 733 1428 et
751 1375 814 1427 vina
832 1375 966 1442 liquentia
983 1375 1104 1428 fundam

375 1450 460 1518 Dixit,
479 1469 596 1521 eumque
614 1453 676 1506 imis
695 1452 746 1505 sub
766 1450 894 1505 fluetibus
911 1452 998 1505 audiit
1016 1451 1104 1505 omnis

375 1526 526 1580 Nereidum
546 1528 697 1596 Phorcique
715 1528 814 1581 chorus
832 1526 1013 1596 Panopeaque
1032 1528 1117 1596 virgo,
1199 1542 1231 1579 reo

376 1604 411 1656 Et
428 1608 508 1672 pater
526 1604 585 1671 ipse
602 1620 684 1656 manu
702 1621 800 1671 magna
820 1603 956 1658 Portunus
974 1607 1087 1657 euntem

376 1679 493 1748 lnpulit;
512 1680 558 1732 illa
577 1680 603 1732 N
605 1683 650 1733 oto
670 1680 751 1733 eitius
768 1680 926 1749 volucrique
944 1680 1046 1747 sagitta

376 1756 423 1809 Ad
441 1759 543 1809 terram
561 1757 639 1825 fugit,
658 1761 688 1809 et
706 1760 788 1825 portu
807 1773 837 1810 se
855 1756 977 1809 condidit
994 1756 1060 1810 alto.

376 1831 444 1885 Tum
462 1836 538 1885 satus
557 1833 686 1901 Anchisa,
705 1832 810 1886 eunctis
829 1849 863 1885 ex
881 1849 957 1886 moro
977 1832 1087 1899 voeatis,

376 1907 516 1983 Victorem
534 1925 633 1976 magna
650 1909 790 1978 praeconis
808 1925 874 1962 voce
895 1908 1059 1962 Cloanthum
1200 1921 1238 1980 ²2⁴⁵

376 1982 513 2051 Declarat,
532 1983 665 2053 viridique
687 1985 797 2038 advelat
816 1987 941 2053 tempora
958 1984 1050 2049 laur03

376 2058 548 2128 Muneraque
566 2061 595 2113 in
613 2063 689 2114 navis
708 2066 801 2115 temes
821 2064 917 2129 optare
935 2062 1062 2115 iuvencos

377 2135 503 2203 Vinaque
521 2139 549 2188 et
568 2138 675 2203 argenti
696 2153 825 2205 magnum
845 2137 895 2190 dat
911 2138 983 2190 ferre
1001 2136 1146 2191 talentum.

377 2212 449 2279 Ipsis
467 2212 626 2287 praecipuos
645 2212 805 2265 ductoribus
826 2213 905 2266 addit
922 2214 1052 2267 honores:

345 2339 357 2362 ,
377 2288 483 2351 Victori
501 2288 670 2357 chlamydem
689 2292 822 2356 auratam,
844 2306 925 2358 quam
939 2289 1058 2357 plurima
1069 2287 1173 2343 circum
1202 2302 1240 2343 rao

377 2362 502 2433 Purpura
520 2365 670 2419 Maeandro
688 2365 789 2434 duplici
809 2365 945 2418 Meliboea
962 2366 1090 2433 cucurrit,

378 2440 561 2508 Intentusque
579 2459 648 2510 puer
665 2441 795 2495 frondosa
813 2442 906 2509 regius
925 2440 977 2493 Ida

377 2516 486 2571 Velocis
503 2518 590 2572 iaculo
608 2535 701 2572 cervos
719 2535 855 2586 cursuque
871 2517 977 2585 fatigat,

379 2595 460 2661 Acer,
478 2595 618 2648 anhelanti
636 2596 738 2662 similis,
758 2611 841 2663 quem
859 2610 973 2661 praepes
990 2592 1025 2646 ab
1045 2593 1098 2646 Ida

378 2669 527 2723 Sublimem
545 2671 662 2739 pedibus
681 2671 772 2740 rapuit
791 2670 865 2724 lovis
884 2670 1002 2737 armiger
1018 2669 1109 2734 uncis3
1205 2683 1241 2723 att

379 2744 515 2811 Longaevi
533 2746 637 2813 palmas
655 2748 821 2815 nequiquam
840 2747 876 2799 ad
893 2746 984 2799 sidera
1000 2745 1120 2800 tendunt

379 2820 520 2885 Custodes,
539 2823 680 2890 saevitque
701 2839 800 2875 cauum
819 2823 936 2876 latratus
953 2824 982 2874 in
999 2838 1086 2876 auras.

380 2897 485 2965 Atqui
504 2896 604 2950 deinde
622 2898 711 2951 locum
730 2899 820 2953 tenuit
838 2900 941 2953 virtute
959 2897 1116 2965 secundum,

380 2973 498 3027 Levibus
517 2974 580 3027 huic
599 2975 685 3028 hamis
705 2979 859 3029 consertam
877 2991 999 3042 auroque
1017 2975 1135 3029 trilicem

380 3050 513 3118 Loricam,
532 3068 614 3119 quam
635 3051 765 3105 Demoleo
784 3051 945 3105 detraxerat
962 3051 1021 3117 ipse
1208 3066 1247 3104 ato

380 3125 476 3179 Victor
494 3128 568 3195 apud
586 3127 712 3196 rapidum
732 3129 871 3182 Simoenta
889 3127 940 3180 sub
959 3126 1012 3179 llio
1029 3125 1093 3191 alte,

380 3202 472 3256 Donat
490 3202 592 3257 habere
612 3205 679 3272 viro,
698 3204 782 3258 decus
801 3208 832 3257 et
848 3206 972 3257 tutamen
990 3203 1018 3254 in
1037 3202 1127 3255 aruris.

380 3277 436 3340 Vix
454 3279 527 3332 illam
545 3280 639 3333 famuli
659 3281 785 3349 Phegeus
804 3279 969 3348 Sagarisque
987 3277 1115 3331 ferebant

381 3353 570 3421 Multiplieem,
588 3356 696 3410 connixi
714 3357 850 3421 humeris;
867 3356 980 3408 indutus
998 3357 1028 3408 at
1045 3354 1111 3407 olim

373 3428 524 3485 Demoleos
542 3449 624 3489 eursu
643 3433 764 3505 palantis
781 3434 869 3488 Troas
886 3431 996 3499 agebat.
1213 3445 1251 3480 aar

359 3503 454 3561 Tertia
476 3508 552 3565 dona
570 3512 642 3569 facit
661 3513 793 3585 geminos
814 3527 854 3565 ex
869 3523 939 3562 aere
950 3504 1076 3564 lebetas,

343 3575 528 3659 emmiu&
548 3596 681 3665 argento
697 3590 842 3667 perlecta
859 3590 953 3656 atque
967 3590 1073 3643 aspera
1089 3570 1190 3638 έὶξώἱι,
