3242 4159
652 527 864 579 GEORGIGON
880 530 950 581 LIB.
970 531 1020 582 IV.
1237 534 1268 586 79

406 603 558 661 'l'aenarias
575 601 659 661 etiam
676 608 775 674 fauces,
794 609 850 663 alta
868 610 939 665 ostia
956 611 1036 680 Ditis,

407 682 447 736 Et
466 683 629 751 caligantem
647 684 727 752 nigra
744 685 890 740 formidine
908 688 999 741 lucum

408 760 563 829 Ingressus,
583 760 729 830 Manisque
747 762 816 815 adiit
835 763 994 832 Regemque
1011 766 1192 837 tremendum,

406 837 565 906 Neseiaque
582 836 708 891 humanis
725 840 853 908 precibus
871 857 1060 906 mansuescere
1077 843 1168 898 eorda.
1230 857 1268 900 4444

407 916 452 968 At
469 918 551 968 cantu
568 917 720 969 commotae
740 916 826 970 Erebi
844 917 879 971 de
898 916 1009 971 sedibus
1025 918 1087 971 imis

407 987 532 1045 Umbrae
548 991 628 1045 ibant
645 996 742 1047 tenues
761 994 960 1064 simulacraque
978 993 1038 1048 luce
1060 1000 1209 1063 carentum,

408 1068 499 1133 Quam
516 1069 604 1123 multa
621 1070 649 1122 in
666 1069 738 1124 foliis
757 1071 848 1124 arium
867 1088 896 1124 se
914 1072 988 1124 milia
1005 1071 1132 1138 condunt,

408 1142 519 1213 Vesper
535 1144 584 1198 ubi
602 1150 650 1200 aut
667 1145 797 1201 hibernus
816 1149 875 1215 agit
893 1147 929 1201 de
946 1148 1085 1201 montibus
1102 1148 1197 1214 imber,

407 1219 515 1274 Matres
533 1225 616 1291 atque
634 1223 693 1290 viri,
713 1223 898 1294 defunctaque
915 1241 1028 1293 corpora
1046 1225 1104 1278 vita
1229 1237 1266 1278 475

407 1296 613 1365 Magnanimum
632 1298 754 1368 heroum,
772 1301 852 1369 pueri
870 1301 1057 1369 innuptaeque
1073 1300 1187 1368 puellae,

407 1372 581 1442 inpositique
600 1376 674 1443 rogis
691 1376 802 1430 iuvenes
821 1380 886 1430 ante
903 1393 952 1429 ora
968 1380 1129 1446 parentum3
1149 1443 1154 1452 Ι

407 1449 483 1513 Quos
501 1450 602 1503 dream
619 1451 700 1504 limus
717 1454 796 1521 niger
815 1458 845 1507 et
863 1453 991 1506 deformis
1009 1452 1115 1505 arundo

407 1524 503 1592 Cocyti
521 1526 656 1596 tardaque
675 1528 754 1597 palus
772 1529 925 1583 inamabilis
942 1529 1017 1583 unda

408 1600 522 1669 Alligat,
541 1605 570 1655 et
588 1604 701 1658 noviens
720 1605 787 1674 Styx
806 1606 940 1659 interfusa
958 1607 1075 1659 coercet.
1228 1616 1267 1656 aso

406 1676 479 1740 Quin
497 1677 572 1746 ipsae
591 1682 721 1749 stupuere
740 1681 837 1734 domus
857 1685 940 1749 atquc
958 1682 1055 1734 intima
1073 1680 1137 1732 Leti

405 1751 525 1808 Tartara
542 1756 737 1826 caeruleosque
754 1758 880 1825 inplcxae
899 1756 1019 1809 crinibus
1039 1756 1135 1821 anguis

404 1827 582 1898 Eumenides,
600 1834 745 1902 tenuitque
762 1833 869 1886 inhians
887 1833 941 1886 tria
961 1832 1097 1885 Cerberus
1115 1846 1171 1898 ora,

404 1904 503 1974 Atque
522 1906 620 1974 ixionii
639 1914 720 1963 vento
739 1913 800 1966 rota
818 1909 943 1963 constitit
962 1907 1045 1962 orbis.

399 1971 523 2049 lamque
540 1982 640 2051 pedem
658 1986 779 2039 referens
798 2001 875 2039 casus
894 1988 1018 2038 evaserat
1036 1982 1130 2050 omnis,
1228 1996 1266 2036 aas

404 2056 584 2127 Redditeque
603 2059 737 2129 Eurydice
756 2076 868 2129 superas
887 2060 1015 2113 veniebat
1033 2058 1070 2113 ad
1087 2075 1176 2123 auras,

403 2131 482 2187 Pone
524 2150 801 2206 sequens-namque
836 2136 905 2190 hanc
941 2136 1058 2190 dederat
1098 2134 1264 2202 Proserpina

475 2208 602 2278 legem-

403 2283 476 2338 (lum
496 2286 587 2340 subita
605 2286 745 2342 incautum
764 2289 904 2343 dementia
921 2288 995 2356 cepit
1012 2289 1160 2353 amantem,

403 2358 578 2427 ignoscenda
597 2362 714 2432 quidem,
734 2366 836 2418 scirent
854 2366 876 2418 si
892 2364 1032 2431 ignoscere
1051 2362 1160 2414 Manes:

403 2434 529 2503 Restitit,
550 2438 758 2507 Eurydicenque
777 2457 861 2505 suam,
879 2440 934 2492 iam
952 2438 1012 2490 luce
1030 2436 1081 2491 sub
1098 2437 1164 2505 ipsa,
1227 2450 1265 2488 seo

403 2509 553 2580 Inmemor,
573 2514 641 2568 heu!
662 2515 805 2584 victusque
824 2514 906 2568 animi
924 2512 1052 2580 respexit.
1089 2511 1134 2564 lbi
1152 2511 1239 2565 onmis

403 2587 515 2641 Ellusus
533 2589 618 2657 labor,
637 2593 721 2659 atque
739 2590 843 2644 inmitis
860 2592 942 2657 rupta
959 2588 1067 2656 tyranni

404 2662 541 2732 Foedera,
561 2668 661 2734 terque
678 2667 773 2735 fragor
791 2665 894 2734 stagnis
912 2663 1022 2718 auditus
1040 2663 1166 2717 Aramis.

403 2738 464 2805 Illa,
493 2740 559 2805 Quis
586 2745 615 2795 et
642 2760 694 2811 me,
721 2743 819 2812 inquit,
849 2741 984 2808 miseram,
1015 2742 1044 2794 et
1073 2743 1102 2794 te
1131 2739 1263 2808 perdidit,

476 2815 597 2885 Orpheo,

403 2891 474 2956 Quis
491 2896 585 2946 tantus
604 2895 698 2949 furori
717 2895 759 2948 En
777 2894 879 2947 iterum
897 2892 1019 2947 crudelia
1036 2895 1112 2946 retro
1228 2905 1264 2943 aas

403 2966 476 3022 Fata
492 2973 596 3035 vocant,
616 2971 764 3037 conditque
782 2970 906 3023 natantia
922 2969 1024 3022 lumina
1042 2983 1157 3021 somnus.

404 3043 521 3112 lamque
540 3047 614 3100 vale:
631 3046 706 3099 feror
723 3045 828 3114 ingenti
847 3045 1016 3099 circumdata
1032 3047 1119 3107 nocte,

404 3118 601 3190 Invalidasque
618 3122 670 3175 tibi
689 3122 814 3188 tendens,
834 3121 889 3174 heu
906 3138 959 3174 non
977 3125 1033 3185 tua,
1051 3118 1169 3186 palmas!

403 3194 492 3263 Dixit,
512 3200 595 3252 etex
614 3199 698 3251 oculis
717 3198 816 3265 subite,
835 3215 885 3251 ceu
902 3198 993 3249 fumus
1010 3197 1037 3247 in
1056 3208 1135 3246 auras

404 3269 578 3328 Oommixtus
596 3274 695 3339 tenuis,
714 3275 784 3342 fugit
803 3274 920 3339 diversa,
937 3287 1027 3340 neque
1045 3269 1128 3332 illum,
1226 3283 1264 3322 soo

404 3347 587 3403 Prensantem
599 3351 772 3419 nequiquam
789 3349 901 3402 umbras
919 3351 949 3401 et
965 3346 1052 3399 multa
1069 3342 1204 3398 volentem

401 3419 509 3490 Dicere,
525 3430 673 3491 practerea
692 3426 777 3494 ridit5
794 3442 845 3480 nec
863 3423 983 3495 portitor
1002 3420 1072 3477 Orci

388 3497 522 3562 Amplius
539 3499 677 3555 obiectam
695 3519 799 3573 passus
817 3503 946 3560 transire
961 3502 1112 3576 paludem.

378 3565 456 3624 Quid
469 3568 600 3629 acerem
617 3594 676 3646 quo
696 3597 728 3636 se
748 3585 841 3656 rapta
859 3583 908 3642 bis
929 3586 1058 3656 coniuge
1075 3574 1197 3638 ierreti
