3242 4159
394 529 443 577 292
538 568 546 576 ,,
622 525 654 574 Ρ.
671 523 824 573 vasam
843 522 1050 571 ‘MARONIS'

395 609 451 662 Seu
468 606 558 661 mollis
575 604 671 675 violae,
688 622 738 662 seu
754 604 912 674 languentis
927 602 1076 673 hyacinthi,
1168 641 1174 652 r

396 684 447 738 Oui
459 700 549 751 neque
560 682 651 749 fulgor
662 683 759 750 adhuc,
771 682 900 736 necdum
912 696 962 735 sua
972 681 1061 733 forma
1071 679 1192 735 recessit
1198 700 1208 745 ;
1228 694 1254 736 ao

395 760 421 812 N
423 774 458 811 ou
475 759 531 811 iam
548 762 638 812 mater
655 759 705 812 alit
721 758 811 826 tellus,
829 757 950 825 virisque
967 756 1115 810 ministrat.

396 836 465 887 Tum
482 835 605 901 geminas
621 837 712 888 vestes
728 849 850 901 auroque
867 836 997 899 ostroque
1014 831 1132 899 rigentis

396 909 504 963 Extulit
523 912 638 976 Aeneas,
657 924 725 977 quas
743 908 783 961 illi
801 910 875 962 laeta
892 908 1016 961 laborum

398 986 463 1053 Ipsa
481 984 538 1038 suis
555 984 692 1053 quondam
710 983 835 1037 manibus
853 984 965 1038 Sidonia
982 983 1056 1037 Dido

396 1061 519 1131 Fecerat,
538 1062 567 1113 et
584 1060 661 1113 tenui
678 1059 749 1113 telas
768 1059 937 1113 discreverat
953 1076 1027 1113 auro.
1227 1072 1252 1117 π

397 1137 503 1188 Harum
520 1151 604 1188 unam
621 1135 712 1191 iuveni
730 1152 890 1204 supremum
907 1138 1029 1188 maestus
1045 1134 1181 1190 honorem

397 1211 499 1278 Induit,
519 1227 682 1279 arsurasque
700 1228 791 1264 comas
808 1210 923 1265 obnubit
941 1211 1060 1275 amictu;

396 1286 541 1355 Multaque
557 1289 702 1355 praeterea
720 1285 867 1339 Laurentis
884 1286 1007 1354 praemia
1023 1303 1134 1354 pugnae

396 1363 528 1430 Aggerat,
546 1370 576 1416 ct
592 1363 672 1430 longo
689 1361 820 1430 praedam
837 1360 915 1415 iubet
932 1361 1028 1414 ordine
1046 1362 1119 1417 duci.

397 1438 487 1493 Addit
504 1454 589 1507 equos
607 1441 636 1492 et
653 1438 716 1505 tela,
734 1436 834 1505 quibus
851 1437 1015 1506 spoliaverat
1031 1436 1150 1491 hostem.
1225 1454 1250 1492 aa

395 1514 531 1568 Vinxerat
548 1517 577 1567 et
594 1516 657 1582 post
674 1517 753 1580 terga
770 1530 874 1579 manus,
894 1530 962 1581 quos
979 1512 1106 1567 mitteret
1124 1513 1233 1567 umbris
1247 1531 1252 1540 ’

397 1590 519 1656 Inferias,
538 1605 616 1642 caeso
635 1604 779 1656 sparsurus
797 1588 928 1656 sanguiue
945 1588 1096 1653 flammam
1146 1649 1151 1661 Ι

397 1665 569 1733 Indutosque
587 1663 664 1717 iubet
681 1666 793 1717 truncos
810 1663 955 1717 hostilibus
972 1664 1056 1717 armis

397 1742 477 1811 Ipsos
493 1741 566 1794 ferre
584 1740 674 1805 duces,
691 1739 854 1807 inimicaque
871 1740 981 1793 nomina
997 1739 1052 1808 figi.

397 1817 514 1872 Ducitur
531 1816 627 1870 infelix
644 1832 711 1870 aevo
729 1815 869 1868 confectus
887 1817 1014 1884 Acoetes,
1224 1832 1248 1871 ss

397 1893 512 1947 Pectora
529 1910 602 1946 nunc
617 1892 729 1946 foedans
747 1890 853 1960 pugnis,
871 1908 942 1945 mmc
959 1891 1097 1958 unguibus
1115 1909 1180 1959 ora3

354 2013 358 2020 .
398 1969 546 2035 Sternitur,
565 1971 594 2021 et
611 1970 671 2021 toto
688 1967 826 2035 proiectus
843 1983 956 2035 corpore
973 1970 1074 2024 terrae.

397 2044 507 2098 Ducunt
524 2047 554 2097 et
572 2043 676 2096 Rutulo
693 2043 818 2110 perfusos
836 2043 967 2110 sanguine
984 2060 1088 2097 currus.

397 2118 464 2173 Post
481 2117 597 2171 bellator
614 2133 708 2185 equus,
726 2118 823 2184 positis
839 2118 1000 2187 inngnibus,
1019 2120 1140 2189 Aethon,

397 2195 426 2249 It
442 2194 594 2262 lacrimans,
611 2194 753 2262 guttisque
771 2195 913 2248 humectat
929 2195 1081 2262 grandibus
1098 2213 1154 2252 ora
1221 2211 1246 2251 ao

396 2270 515 2325 Hastam
531 2270 577 2342 alii
587 2269 754 2338 galeamque
772 2270 881 2335 lerrmt3
898 2285 961 2323 nam
979 2273 1072 2324 cetera
1089 2271 1198 2326 'l'uruus

395 2345 492 2401 Victor
519 2346 609 2402 habet.
646 2344 716 2399 'lum
743 2347 850 2399 maesta
876 2345 995 2413 phalanx
1023 2346 1177 2415 Teucrique
1205 2364 1244 2401 so

465 2427 587 2493 quuntur
1286 2440 1290 2481 J

395 2500 583 2569 Tyrrhenique
601 2515 695 2555 omnes
713 2503 743 2554 et
759 2498 846 2553 versis
865 2498 988 2553 Arcades
1005 2499 1095 2553 armis.
1287 2511 1289 2546 l

396 2575 546 2643 Postquam
563 2575 650 2629 omnis
667 2575 747 2643 longe
765 2574 896 2627 comitum
913 2578 1084 2642 processerat
1101 2575 1178 2645 ordo,

396 2650 527 2704 Substitit
546 2650 663 2717 Aeneas,
680 2650 841 2719 gemituque
857 2648 925 2702 haec
942 2648 1053 2704 addidit
1069 2650 1141 2705 alto:
1221 2663 1246 2704 ss

396 2725 421 2777 N
423 2741 454 2778 os
471 2725 539 2779 alias
555 2725 619 2778 hinc
637 2725 674 2778 ad
691 2725 816 2779 lacrimas
834 2724 931 2778 cadem
948 2724 1061 2778 horrida
1077 2724 1144 2779 belli
1286 2765 1289 2774 .

397 2800 467 2853 Fata
482 2804 594 2854 vocant:
613 2800 687 2853 salve
705 2804 848 2854 aeternum
865 2800 939 2863 mihi,
957 2816 1083 2856 maxume
1101 2800 1188 2867 Palla,
1288 2807 1289 2880 l

396 2878 605 2944 Aeternumque
622 2876 692 2931 vale.
725 2876 752 2929 N
754 2893 784 2930 ec
802 2876 881 2945 plura
898 2875 996 2930 effatus
1014 2877 1050 2929 ad
1067 2877 1140 2931 altos
1288 2895 1289 2906 ¹

396 2952 539 3006 Tendebat
556 2968 656 3021 muros,
673 2968 854 3021 gressumque
870 2950 899 3003 in
916 2954 1007 3005 castra
1022 2951 1139 3007 terebat.

431 3028 547 3097 Iamque
565 3031 687 3082 oratores
704 3028 821 3081 aderant
838 3043 874 3081 ex
890 3026 961 3081 urbe
979 3027 1085 3095 Latina,
1211 3041 1246 3084 roo

395 3103 490 3157 Velati
507 3104 590 3158 ramis
607 3104 692 3170 oleae,
708 3104 871 3171 veniamque
888 3106 1030 3170 rogantes:

396 3180 524 3249 Corpora,
542 3197 593 3248 per
608 3197 719 3249 campos
735 3180 808 3234 ferro
827 3194 897 3247 quae
914 3178 976 3231 fusa
992 3179 1125 3249 iacebant,
1157 3203 1160 3212 ¹

396 3254 547 3322 Redderet,
564 3270 597 3307 ac
613 3255 719 3309 tumulo
737 3255 840 3309 sineret
859 3252 1006 3309 succedam
1023 3259 1133 3323 terrae;
1284 3270 1290 3308 l

389 3328 506 3385 Nullum
525 3346 588 3385 cum
605 3331 686 3387 victis
703 3334 845 3387 certamen
861 3332 891 3382 et
908 3329 1020 3386 aethere
1037 3332 1137 3397 cussis3

375 3404 517 3466 Parceret
533 3407 697 3481 hospitibus
716 3407 858 3482 quondam
873 3404 1031 3475 messisque
1043 3409 1156 3462 uocatis
1214 3422 1246 3464 ros

365 3482 459 3547 Quos:
467 3486 565 3545 honus
583 3491 714 3564 Aeneas,
732 3487 815 3546 houd
832 3482 1012 3555 asperum
1025 3483 1176 3564 himba*

347 3554 564 3633 Prosequitur
580 3570 680 3643 rania,
698 3574 736 3629 et
753 3565 859 3626 serbis
870 3560 950 3615 haec
962 3560 1082 3621 'nursuhtt
1099 3551 1199 3605 Μ·
1267 3601 1269 3606 -
