3242 4159
367 529 415 578 320
594 525 625 575 P.
638 525 790 574 VERGlLI
806 521 972 572 MARONIS

367 608 395 662 N
396 624 431 661 on
447 607 542 677 pudet,
560 623 577 661 o
595 605 699 675 Rutuli,
716 622 767 675 pro
784 605 890 660 manetis
906 603 1009 658 talibus
1025 620 1114 659 unam

368 683 516 737 Obiectare
534 683 669 737 animaml
687 698 837 736 numerone
854 698 891 734 an
906 679 1012 734 viribus
1029 682 1116 749 acqui
1188 696 1222 735 aso

369 760 431 813 Non
443 760 556 812 sumusl
591 759 641 826 En,
652 774 746 812 omnes
758 760 787 811 et
799 758 884 812 Troes
896 759 926 811 et
938 755 1065 810 Arcades
1077 757 1108 811 hi
1120 760 1193 824 sunt,

369 834 528 902 Fatalisque
545 851 650 902 manus,
668 835 773 889 infensa
791 834 903 888 Etruria
921 834 1019 887 Turno.

369 911 425 963 Vir
442 909 558 976 hostem,
577 910 675 965 alterni
692 911 716 963 si
732 910 950 979 congrediamur,
968 910 1112 964 habemus.

370 986 422 1040 Ille
440 987 553 1055 quidem
570 987 607 1039 ad
625 1002 746 1054 superos,
765 1003 882 1055 quorum
899 1002 930 1040 se
949 986 1067 1041 devovet
1078 987 1144 1047 aris.

369 1062 505 1117 Succedet
522 1063 601 1126 fama,
619 1062 755 1130 vivusque
772 1078 824 1131 per
841 1078 889 1115 ora
906 1062 1031 1128 feretum
1189 1078 1224 1117 me

369 1136 434 1203 Nos,
452 1136 542 1204 patria
559 1136 667 1201 amissa,
686 1137 803 1190 dominis
821 1154 932 1205 parere·
939 1104 1066 1205 superbis

370 1214 511 1281 cogemur,
529 1214 577 1281 qui
594 1230 667 1267 nunc
683 1213 752 1266 lenti
768 1212 941 1267 consedimus
957 1213 1040 1266 arvis.

369 1289 504 1343 'salibus'
497 1307 608 1344 mcensa
625 1289 693 1343 est
685 1305 815 1342 maenum
833 1289 971 1343 sententia
988 1289 1072 1343 dietis

371 1365 430 1419 Iam
443 1366 531 1433 magis
542 1369 627 1434 atque
639 1365 734 1432 magis,
747 1365 888 1433 serpitque
900 1382 950 1433 per
962 1365 1073 1433 agmina
1085 1382 1222 1430 murmur3

371 1442 428 1509 Ipsi
447 1441 599 1495 Laurentes
616 1441 716 1495 mutati
733 1440 840 1509 ipsique
858 1440 959 1495 Latini.
1187 1456 1223 1494 aso

370 1516 422 1580 Qui
441 1516 494 1569 sibi
511 1516 566 1569 iam
583 1517 708 1585 requiem
725 1533 834 1584 pugnae
850 1516 989 1585 rebusque
1006 1516 1127 1570 salutem

370 1590 531 1660 Sperabant,
550 1609 621 1645 nune
639 1609 715 1645 arma
732 1592 834 1657 volunt,
851 1592 1004 1660 foedusque
1021 1595 1173 1660 precantur

372 1668 515 1734 Infectam,
533 1671 562 1721 ot
580 1668 664 1721 Turni
683 1670 785 1721 sortem
803 1668 971 1732 miserantur
987 1667 1121 1735 iniquam.

371 1745 424 1797 His
442 1742 518 1797 aliud
534 1744 623 1799 maius
642 1744 759 1798 Iuturna
776 1743 909 1813 adiungit,
927 1748 956 1798 et
974 1744 1031 1798 alto

370 1819 426 1873 Dat
444 1821 552 1888 signum
569 1820 651 1887 caelo,
669 1837 724 1890 quo
741 1838 795 1875 uon
813 1820 985 1889 praesentius
1001 1820 1088 1874 ullum
1188 1835 1223 1875 aa

370 1895 504 1950 Turbavit
520 1900 628 1951 mentes
647 1897 739 1963 Italas,
758 1899 935 1963 monstroque
951 1895 1058 1949 refellit

371 1970 497 2040 Namque
514 1972 608 2025 volans
626 1971 711 2025 rubra
727 1971 818 2026 fulvus
836 1971 911 2025 Iovis
929 1971 1032 2025 alesin
1050 1972 1153 2027 aethra

371 2046 496 2099 Litoreas
513 2047 638 2113 agitabat
654 2064 719 2100 avos
736 2047 900 2116 turbamque
918 2049 1061 2101 sonantem

372 2120 498 2189 Agminis
515 2122 626 2188 aligeri:
644 2121 735 2175 subito
753 2139 815 2175 eum
833 2124 925 2192 lapsus
942 2123 979 2176 ad
996 2123 1086 2176 undas

371 2198 490 2266 Cycnum
508 2197 689 2251 excellentem
706 2197 825 2267 pedibus
842 2200 916 2268 rapit
933 2198 1068 2266 inprobus
1084 2199 1172 2254 uncis
1188 2214 1223 2253 aso

371 2276 510 2327 Arrexere
529 2274 632 2328 animos
650 2273 723 2341 Itali,
740 2278 909 2343 cunctaeque
925 2274 1050 2327 volucres

371 2351 541 2405 Convertunt
558 2349 677 2404 clamore
695 2350 794 2418 fugam,
811 2350 937 2404 mirabile
954 2350 1023 2416 visu,

372 2426 550 2495 Aetheraque
568 2427 716 2480 obscurant
733 2426 838 2494 pennis,
856 2426 1019 2495 hostemque
1036 2443 1089 2494 per
1105 2443 1189 2480 auras

371 2501 455 2555 Facta
472 2502 545 2555 nube
563 2505 700 2570 premunt,
719 2501 805 2555 donee
823 2501 850 2554 vi
868 2502 956 2555 victus
974 2500 1081 2569 etipse

372 2577 498 2631 Pondere
516 2578 624 2646 defecit,
642 2577 829 2646 praedamque
848 2594 883 2630 ex
900 2576 1037 2645 unguibus
1054 2578 1112 2632 ales
1188 2595 1223 2633 ass

372 2652 491 2707 Proiecit
508 2654 597 2719 fluvio,
614 2655 780 2722 penitusque
798 2654 826 2705 in
843 2653 937 2707 nubila
952 2653 1031 2721 fugit.

371 2727 439 2781 Tum
457 2745 522 2781 vero
540 2730 684 2795 augurium
703 2730 800 2783 Rutuli
817 2730 935 2782 clamore
953 2729 1082 2797 salutant,

371 2803 584 2872 Expediuntque
601 2820 715 2869 manus;
731 2806 892 2873 primusque
910 2804 1069 2857 Tolumnius
1086 2821 1183 2875 augur,

372 2878 433 2933 Hoc
450 2882 517 2946 erat,
536 2879 594 2946 hoc,
611 2880 690 2946 rotie,
709 2880 807 2949 inquit,
826 2881 901 2948 quod
918 2896 1001 2948 saepe
1018 2879 1112 2947 petivi.

371 2954 492 3023 Accipio,
510 2955 701 3024 adgnoscoque
719 2956 803 3022 dcos;
820 2973 872 3023 me,
890 2972 935 3010 me
952 2957 1028 3010 duce.
1038 2954 1146 3011 ferrum
1187 2973 1223 3012 aso

371 3029 517 3100 Corripite,
536 3048 552 3085 o
569 3032 671 3100 miseri,
689 3048 758 3100 quos
775 3032 906 3101 inprobus
924 3032 1029 3086 advena
1045 3030 1119 3086 bello

371 3104 499 3172 Territat,
518 3107 652 3161 invalidas
670 3111 702 3161 ιιι
719 3125 790 3174 aves,
808 3111 838 3163 et
855 3108 937 3162 litora
954 3111 1048 3163 vestra

370 3178 408 3233 Vi
425 3182 548 3250 populat.
584 3184 667 3237 Petet
684 3183 731 3237 ille
749 3185 850 3271 fugam,
868 3185 1034 3253 penitusque
1050 3183 1191 3252 profundo

372 3253 441 3309 Vela
459 3257 543 3311 dabit
579 3257 637 3311 Vos
655 3259 775 3312 unanimi
794 3259 908 3314 densate
926 3263 1058 3327 catervas,

369 3327 408 3383 El
426 3348 520 3399 regom
539 3333 616 3387 vobis
633 3351 726 3403 pugna
744 3334 886 3388 defendite
905 3338 1021 3403 raptum.
1187 3351 1223 3390 aa

356 3401 446 3478 Diris,
466 3413 499 3465 et
517 3409 653 3469 adversos
671 3411 763 3469 telum
779 3411 916 3467 contorsit
928 3410 1066 3462 museus

335 3479 540 3563 *pfocurrens
560 3495 695 3553 sonitum
713 3492 770 3549 dat
788 3487 913 3546 stridxna
929 3497 1041 3546 cornus,
1056 3485 1088 3532 et.
1101 3496 1189 3532 amaa

335 3555 422 3625 9⁶¹⁸&
432 3576 529 3630 secet
572 3573 672 3633 Simul
687 3573 754 3643 hoc,
768 3562 877 3624 simul
870 3571 977 3629 ingens
986 3521 1105 3611 elainor
1111 3554 1255 3601 storum
