3242 4159
342 500 361 573 J
387 516 418 563 oa
623 521 652 569 r.
672 519 828 567 vnaeim
846 518 1014 566 marronis

385 598 577 671 Continuoque
594 616 693 670 greges
711 600 781 652 villis
799 598 862 667 lege
879 599 1008 653 mollibus
1024 600 1107 655 albos

384 673 467 728 Illum
486 682 586 746 autem,
606 677 731 747 quamvis
749 676 821 730 aries
840 676 878 730 sit
894 677 1029 731 candidus
1046 677 1115 747 ipse,

383 751 471 819 Nigra
490 755 586 808 subest
603 754 659 807 udo
676 756 786 807 tantum
804 754 848 805 cui
866 754 960 821 lingua
977 754 1077 821 palato,

384 827 484 898 Reiiee,
502 847 538 883 ne
555 830 669 884 maculis
688 829 806 883 infuscet
825 829 928 883 vellera
946 830 1028 898 pullis

382 904 560 975 Nascentuin,
578 907 714 975 plenoque
732 905 816 958 alium
835 905 1014 973 circumspice
1032 922 1138 975 campo.
1210 922 1249 962 seo
1275 907 1280 914 '

383 980 499 1035 Munere
517 982 555 1035 sie
572 984 650 1036 niveo
669 982 753 1046 lanae,
773 981 795 1034 si
813 980 927 1034 credero
946 981 1060 1048 dignum
1078 985 1130 1050 est,

383 1056 441 1110 Pan
460 1053 534 1112 deus
549 1059 686 1113 Arcadiae
705 1060 814 1125 captam
833 1059 870 1123 to,
890 1056 976 1125 Luna,
994 1057 1101 1126 fefellit,

383 1133 417 1186 ln
434 1150 546 1188 nemora
564 1135 620 1188 alta
639 1151 753 1199 vocans;
770 1150 821 1187 nee
839 1136 872 1185 tu
889 1136 1037 1201 aspernata
1054 1138 1207 1190 vocantem.

417 1214 459 1263 At
476 1212 519 1264 eui
537 1212 615 1265 lactis
633 1228 715 1278 amor,
733 1211 849 1279 cytisum
867 1210 994 1278 lotosque
1011 1210 1166 1279 frequentis

383 1284 448 1353 Ipse
466 1304 548 1340 manu
566 1288 706 1357 salsasque
725 1287 797 1340 ferat
815 1285 994 1355 praesepibus
1011 1286 1119 1342 herbas.
1207 1303 1245 1341 aas

383 1360 456 1417 Hine
473 1367 502 1417 et
520 1368 614 1418 amant
632 1365 727 1418 fluvios
745 1364 840 1430 magis,
857 1365 886 1415 et
904 1362 991 1430 magis
1008 1362 1096 1416 ubera
1112 1362 1245 1425 tendunt,

382 1437 419 1491 ilt
437 1439 500 1493 salis
519 1440 654 1493 occultum
673 1440 797 1493 referunt
816 1439 843 1490 in
862 1438 933 1491 lecte
952 1454 1089 1506 saporem.

381 1512 465 1568 Multi
482 1516 536 1567 iam
555 1520 680 1569 excretos
698 1514 846 1584 prohibent
864 1532 881 1567 a
898 1514 1034 1567 matribus
1051 1514 1166 1585 haedos,

383 1590 530 1660 Primaque
549 1592 659 1645 ferratis
678 1592 834 1659 praefigunt
853 1607 901 1644 ora
919 1591 1053 1658 capistris.

382 1666 462 1731 Quod
480 1672 611 1736 surgente
629 1669 675 1722 die
693 1668 814 1722 mulsere
832 1667 962 1735 horisque
980 1666 1093 1736 diurnis,
1206 1683 1244 1723 roo

381 1744 472 1799 Nocte
489 1749 632 1813 premunt;
651 1744 798 1814 quodiam
818 1743 940 1796 tenebris
960 1746 989 1795 et
1007 1743 1064 1795 sole
1085 1743 1211 1810 cadente,

381 1821 439 1875 Sub
457 1822 545 1875 lucem
564 1825 712 1891 exportant
730 1820 845 1874 calathis
865 1818 934 1886 (arlit
952 1819 1054 1887 oppida
1070 1821 1185 1887 pastor),
1265 1837 1268 1842 ’

382 1898 443 1950 hut
460 1914 542 1966 pareo
560 1899 615 1952 sale
634 1898 797 1963 contingunt
816 1895 955 1962 hiemique
967 1899 1117 1976 peperunt.

416 1973 475 2027 Nec
493 1973 545 2026 tibi
563 1990 628 2026 cura
646 1989 743 2025 canum
762 1972 846 2025 fuerit
864 1974 1011 2038 postrema
1031 1971 1154 2027 seduna

382 2049 491 2104 Veloeis
509 2049 624 2118 Spartae
642 2048 745 2102 catulos
764 2063 911 2115 acremque
929 2047 1079 2100 Molossum
1206 2065 1245 2104 405

383 2126 468 2179 Pasce
486 2141 546 2179 sero
563 2124 666 2193 pingui.
703 2125 862 2192 Numquam
880 2121 1041 2175 custodibus
1059 2122 1113 2175 illis

382 2201 553 2255 Nocturnum
572 2200 687 2254 stabulis
705 2200 793 2253 furem
811 2199 991 2267 incursusque
1009 2197 1144 2267 luporum,

383 2280 442 2331 Aut
459 2278 598 2346 inpacatos
617 2294 633 2331 a
651 2280 730 2344 tergo
749 2274 875 2328 horrebis
895 2274 1023 2328 Hiberos.

382 2353 469 2422 Saepe
487 2354 570 2407 etiam
588 2370 670 2407 eursu
688 2352 801 2407 timidos
820 2350 938 2419 agitabis
956 2366 1080 2418 onagros,
1141 2379 1146 2413 ·,

382 2430 419 2484 Et
437 2430 548 2483 canibus
566 2432 696 2499 leporem,
716 2428 829 2483 canibus
847 2427 983 2481 venabere
1001 2427 1140 2494 dammas3
1207 2444 1245 2482 no

382 2506 469 2576 Saepe
487 2507 635 2561 volutabris
653 2507 745 2575 pulsos
764 2503 937 2558 silvestribus
954 2519 1035 2571 apros

382 2582 497 2635 Latratu
515 2582 640 2636 turbabis
659 2598 750 2649 agens,
769 2580 926 2647 montisque
943 2596 994 2647 per
1011 2579 1081 2633 altos

382 2658 528 2723 Ingentem
547 2659 665 2711 clamore
683 2674 793 2726 premes
813 2656 849 2709 ad
867 2655 938 2709 retia
956 2671 1073 2708 cervum.

417 2733 499 2786 Disce
516 2737 545 2786 et
563 2734 706 2786 odoratam
726 2732 841 2785 stabulis
861 2731 1010 2784 accendere
1027 2730 1149 2799 cedrum,

382 2808 577 2877 Galbaneoque
595 2808 701 2876 agitare
719 2808 810 2876 gravis
829 2808 926 2861 nidore
944 2806 1092 2875 chelydros.
1207 2822 1244 2861 415

382 2886 469 2954 Saepe
486 2884 537 2938 sub
555 2885 665 2938 inmotis
683 2884 864 2954 praesepibus
884 2886 933 2937 aut
950 2883 1023 2936 mala
1039 2885 1118 2937 tactu

383 2962 485 3030 Vipera
503 2961 615 3015 delituit
632 2962 793 3031 caelumque
812 2960 947 3014 exterrita
965 2959 1044 3027 fugit,

383 3039 441 3093 Aut
458 3041 532 3093 tecto
551 3040 682 3094 adsuetus
700 3038 813 3092 coluber
832 3036 979 3091 succedere
997 3039 1027 3090 et
1043 3034 1167 3103 umbrae,

383 3114 472 3170 Pestis
488 3116 587 3170 acerba
604 3115 695 3184 boum,
713 3116 861 3185 pecorique
880 3113 1047 3182 adspergere
1065 3110 1147 3177 virus,

383 3191 463 3245 Fovit
480 3192 600 3248 humum.
642 3192 717 3261 Gape
736 3208 801 3245 saxa
820 3208 909 3256 manu
927 3206 994 3258 cape
1012 3187 1120 3254 robora,
1137 3190 1244 3255 pastor,

382 3266 588 3338 Tollentemque
607 3270 695 3323 minas
714 3272 743 3323 et
762 3268 842 3321 sibila
860 3268 930 3321 eolla
946 3268 1101 3321 tumentem
1207 3278 1243 3315 421

344 3394 346 3397 ,
379 3342 481 3397 Deiice.
517 3346 636 3417 lamque
650 3348 716 3415 fuga
733 3344 862 3400 timidum
879 3347 963 3412 eaput
980 3340 1090 3396 abdidit
1106 3340 1172 3408 alte,

364 3416 435 3469 Cum
453 3422 546 3477 medii
563 3442 656 3480 nexus
676 3429 882 3493 extremaeque
899 3421 1011 3490 agmina
1026 3418 1132 3471 teubas

342 3487 514 3566 Solruntuq
538 3503 705 3574 tardosque
725 3504 821 3560 trahit
837 3502 920 3557 sinus
935 3496 1058 3550 ultimus
1073 3490 1162 3572 orbis

342 3558 387 3616 t'st
405 3570 502 3628 etiam
525 3578 578 3635 ille
600 3582 706 3639 malus
729 3580 872 3641 Calabris
888 3577 924 3632 in
940 3570 1068 3630 saltibus
1083 3575 1197 3628 sagum,
1252 3572 1292 3609 ὅ
