3242 4159
632 514 816 562 AliNlilDOS
836 513 906 564 mil.
926 512 991 562 Vll.
1185 516 1231 562 211

376 598 470 663 Picus,
487 611 588 666 equum
606 594 739 660 domitum
757 610 840 663 quem
857 598 937 664 capta
953 595 1080 665 cupidine
1097 593 1216 651 couirrnx

377 677 476 728 Aurea
492 683 651 741 percussum
668 671 745 739 virga
761 686 926 739 versumque
942 672 1056 727 venenis
1196 685 1234 727 uso

377 749 461 803 Fecit
477 764 556 803 avem
574 747 659 815 Circe,
677 747 833 816 sparsitque
851 746 986 810 coloribus
1003 748 1068 804 alas.

376 824 440 877 Tali
458 823 531 877 intus
549 823 653 891 templo
670 822 761 876 divom
778 823 924 892 patriaque
942 824 1055 878 Latinus

375 900 455 954 Sede
472 898 571 955 sedens
589 900 707 953 Teucros
724 897 761 952 ad
779 915 839 954 sese
857 898 885 951 in
903 903 979 955 meta
995 900 1118 965 vocavit;
1166 935 1172 941 ι

375 977 477 1045 Atque
495 976 564 1029 haec
579 974 709 1041 ingressis
726 974 833 1043 placido
849 976 926 1046 prior
943 976 1033 1031 edidit
1049 993 1109 1032 ore:

413 1052 512 1119 Dicite,
522 1050 705 1116 Dardanidae,
717 1067 806 1119 neque
816 1052 1173 1108 enimnescimuseturbem
1195 1069 1231 1109 nas

374 1129 419 1183 Et
434 1144 528 1196 genus,
543 1127 689 1195 auditique
704 1126 849 1181 advertitis
866 1144 986 1197 aequore
1002 1146 1119 1197 cursum,

375 1205 455 1270 Quid
471 1204 583 1273 petitisl
603 1219 673 1272 quae
689 1219 785 1258 caussa
802 1208 883 1268 rates,
901 1208 951 1258 aut
967 1205 1044 1260 cuius
1061 1207 1168 1273 egentis

376 1281 461 1334 Litus
478 1280 514 1334 ad
532 1279 685 1333 Ausonium
702 1282 746 1333 tot
763 1296 813 1349 per
830 1281 902 1333 vada
918 1281 1027 1335 caemla
1043 1282 1135 1337 vexitl

375 1356 443 1410 Sive
460 1372 553 1410 errore
570 1356 636 1420 viae,
654 1372 703 1409 seu
720 1355 931 1424 tempestatibus
947 1357 1010 1424 acti,

375 1432 476 1496 Qualia
493 1431 580 1485 multa
597 1431 667 1485 mari
683 1435 784 1485 nautae
800 1432 944 1500 patiuntur
960 1432 989 1486 in
1005 1432 1070 1501 alto,
1193 1449 1230 1489 aoo

376 1508 513 1562 Fluminis
529 1508 653 1562 intrastis
670 1509 744 1577 ripas
761 1511 898 1577 portuque
915 1508 1026 1577 sedetis,

374 1584 405 1638 N
406 1601 422 1638 e
438 1584 526 1653 fugite
542 1583 697 1653 hospitium,
715 1602 784 1639 nere
800 1584 926 1653 ignorate
944 1585 1056 1640 Latinos

375 1661 491 1715 Saturni
507 1663 626 1729 gentem,
642 1660 717 1714 haud
753 1660 759 1673 '
779 1721 782 1726 ,
804 1677 821 1714 o
839 1676 890 1714 nec
907 1660 1015 1729 legibus
1031 1676 1155 1731 aequam,

375 1738 482 1807 Sponte
500 1753 548 1790 sua
565 1737 722 1805 veterisque
803 1752 834 1790 se
851 1753 927 1789 more
945 1741 1093 1792 tenentem.

374 1815 474 1882 Atque
487 1812 614 1882 equidem
626 1813 846 1866 memini-fama
857 1816 900 1866 est
911 1812 1052 1866 obscurior
1062 1817 1176 1867 aunis-
1191 1828 1229 1868 aot

376 1892 523 1945 Auruncos
540 1890 581 1943 ita
596 1890 669 1943 ferre
687 1906 773 1957 senes,
790 1888 834 1942 his
851 1892 929 1943 ortus
946 1891 978 1942 ut
994 1888 1068 1956 agris

375 1965 640 2020 Dardanusldaeas
658 1966 791 2033 Phrygiae
808 1965 962 2035 penetrarit
978 1964 1015 2018 ad
1031 1964 1114 2020 urbes

374 2042 584 2110 Threiciamque
603 2041 709 2109 Samon,
728 2058 798 2110 quae
815 2058 886 2095 nunc
904 2040 1088 2096 Samothracia
1103 2040 1198 2095 fertur.
1225 2096 1227 2100 Α

377 2118 453 2172 Hinc
468 2118 546 2171 illum
565 2116 677 2185 Corythi
695 2117 835 2186 Tyrrhena
850 2116 886 2171 ab
904 2116 970 2172 sede
987 2116 1141 2187 profectum

375 2198 473 2249 Aurea
490 2210 561 2248 nunc
578 2194 646 2248 solio
664 2194 797 2249 stellantis
814 2195 891 2262 regia
907 2194 975 2248 meli
1191 2207 1229 2249 uo

375 2270 489 2339 Accipit
505 2274 535 2324 et
552 2286 695 2324 numerum
713 2270 836 2324 divorum
854 2270 985 2324 altaribus
1001 2268 1091 2324 addit.

411 2347 542 2413 Dixerat;
562 2350 592 2400 et
609 2346 683 2400 diota
702 2346 823 2400 llioneus
841 2346 880 2400 sic
896 2362 962 2399 voce
979 2348 1103 2399 secutus:

376 2423 446 2490 Rex,
463 2433 549 2491 genus
566 2423 707 2491 egregium
725 2422 821 2489 Fauni,
837 2438 887 2475 nec
904 2420 1032 2475 fluetibus
1047 2422 1124 2474 actos

378 2502 451 2552 Atra
468 2498 577 2567 subegit
593 2499 700 2567 hiemps
718 2497 816 2552 vestris
834 2498 985 2550 succedere
997 2494 1089 2563 terris,

376 2575 401 2627 N
404 2590 436 2628 ec
453 2574 530 2629 sidus
547 2575 735 2643 regionariae
752 2574 851 2628 litusve
868 2572 980 2637 fefellit3
1024 2580 1028 2596 “·
1190 2584 1228 2625 art

375 2649 496 2705 Consilio
514 2650 583 2705 hanc
601 2667 694 2706 omnes
711 2651 865 2719 animisque
882 2649 1036 2704 volentibus
1052 2647 1151 2703 urbem

378 2727 545 2797 Adierimur,
563 2727 635 2798 pulsi
652 2729 752 2797 regnis,
770 2744 841 2796 quae
859 2742 987 2781 maxuma
1004 2723 1143 2795 quondam

375 2804 509 2858 Extremo
527 2805 638 2859 veniens
657 2804 703 2858 Sol
721 2803 873 2873 aspiciebat
891 2802 1012 2872 Olympo

379 2879 424 2933 Ab
445 2880 510 2934 love
528 2881 689 2949 principium
706 2880 828 2949 generis3
847 2880 914 2934 Iove
932 2878 1061 2933 Dardana
1077 2875 1163 2944 pubes

375 2956 488 3011 Gaudet
505 2973 568 3021 avo;
587 2973 637 3011 rex
654 2957 714 3025 ipse
732 2955 806 3009 Iovis
824 2955 959 3023 degente
975 2968 1108 3022 suprema,
1189 2964 1227 3004 mo

375 3032 473 3087 Troius
492 3036 609 3099 Aeneas,
627 3036 677 3087 tua
692 3048 743 3086 nos
760 3030 797 3085 ad
815 3030 910 3084 limina
926 3029 1008 3083 misit

375 3112 486 3175 Quanta
502 3127 552 3178 per
570 3109 670 3163 idaeos
687 3108 774 3163 saevis
791 3106 877 3162 effusa
894 3104 1016 3172 Mycenis

374 3185 537 3255 Tempestas
554 3185 617 3240 ierit
634 3200 750 3253 campos,
768 3182 866 3251 quibus
882 3184 960 3235 actus
976 3182 1095 3246 uterque

374 3261 504 3330 Europae
521 3264 606 3331 atque
625 3261 710 3315 Asiae
726 3259 791 3313 fatis
808 3256 977 3313 concurrerit
993 3253 1076 3322 orbis,
1141 3249 1146 3266 ‘

375 3336 484 3403 Audiit,
503 3341 532 3392 et
550 3337 573 3391 si
590 3353 671 3405 quem
689 3336 771 3390 tellus
788 3337 912 3389 exhema
927 3331 1019 3386 refuso
1190 3342 1227 3384 m

373 3412 525 3466 Submoret
542 3412 657 3480 Oceano,
677 3414 707 3467 et
724 3411 747 3467 sl
766 3427 852 3483 quem
869 3412 987 3467 extenta
999 3406 1155 3479 plagarum
1256 3479 1258 3484 Ι

362 3486 503 3545 Quattuor
515 3486 546 3539 iu
564 3488 660 3543 medio
676 3488 793 3547 dirimit
806 3489 896 3562 plaga
910 3487 989 3547 Solis
1003 3484 1112 3555 iniqu.
1256 3517 1258 3522 ·

355 3554 463 3667 Duff
480 3574 518 3613 01
534 3561 585 3617 fflo
603 3566 653 3621 tot
668 3571 757 3625 vm
774 3585 833 3644 por
852 3583 991 3643 Qum
1005 3561 1094 3623 W&
1166 3607 1169 3612 ,
1186 3605 1189 3610 ,
1206 3573 1215 3604 “.
1240 3599 1245 3606 .
