3242 4159
378 527 409 577 26
620 525 651 574 P.
669 524 824 573 VERGILI
841 522 1006 571 Maeonis

378 604 447 673 Illic,
465 604 584 659 officiant
601 604 681 657 laetis
698 620 733 657 ue
749 601 876 669 frugibus
893 600 1004 669 herbae,
1034 635 1036 639 -

379 681 440 745 Hic,
459 681 580 734 sterilem
599 681 713 747 exiguus
731 696 765 732 ne
784 679 895 732 deserat
911 679 1010 731 humor
1026 690 1148 731 arenam.
1211 682 1237 723 7⁰

414 756 538 809 Alternis
555 755 629 808 idem
647 759 739 808 tensas
758 772 864 808 cessare
881 754 998 820 novales,

378 832 416 885 nt
434 848 545 899 segnem
562 832 668 900 patiere
686 832 740 883 situ
759 830 904 884 durescere
922 846 1066 897 eampum;

379 908 440 961 Aut
457 907 496 960 ibi
514 907 583 960 flava
601 923 676 959 seres
694 909 799 959 mutate
818 906 909 959 sidere
927 905 1008 973 farra,

379 983 461 1038 Unde
479 982 555 1051 prius
572 983 675 1036 laetum
694 982 792 1049 siliqua
810 985 956 1048 quassante
972 981 1101 1048 legumen

379 1060 439 1113 Aut
457 1060 547 1113 tenuis
564 1060 637 1112 fetus
655 1058 740 1111 viciae
758 1058 901 1126 tristisque
918 1057 1004 1125 lupini
1214 1071 1239 1113 vt

379 1134 528 1190 sustuleris
544 1134 650 1202 fragilis
668 1135 785 1187 calamos
803 1133 953 1202 silvamque
971 1135 1123 1186 sonantem.

378 1210 443 1264 Urit
462 1210 533 1263 enim
551 1211 598 1264 lini
616 1226 741 1278 eampum
760 1226 846 1277 seges,
864 1210 921 1261 urit
939 1224 1047 1272 avenae,

378 1286 471 1340 Urunt
490 1287 611 1341 Lethaeo
628 1285 738 1354 perlusa
755 1301 891 1354 papavera
909 1300 1019 1337 somno:

379 1362 435 1417 Sed
453 1366 545 1416 tamen
563 1362 676 1415 alternis
693 1361 780 1414 iaeilis
797 1360 893 1425 labor;
910 1360 987 1412 arida
1004 1362 1113 1413 tautum

359 1485 364 1495 .
379 1437 423 1492 Ne
441 1442 565 1492 saturare
583 1438 647 1491 lime
665 1437 759 1504 pingui
776 1436 880 1504 pudeat
898 1436 962 1503 sola,
979 1451 1048 1488 neve
1077 1450 1081 1457 ·
1214 1450 1241 1489 aa

379 1514 483 1567 Effetos
501 1514 619 1576 cinerem
637 1512 798 1566 inmundum
817 1512 918 1565 iactare
936 1528 986 1580 per
1003 1528 1091 1579 agros.

380 1591 424 1644 Sie
442 1596 550 1657 queque
568 1588 681 1641 mutatis
699 1583 874 1655 requieseunt
890 1587 993 1641 fetibus
1010 1602 1082 1646 arva.

380 1667 406 1721 N
409 1684 440 1721 ee
456 1666 530 1719 nulla
548 1666 654 1719 interea
671 1668 714 1718 est
731 1665 855 1717 inaratae
873 1664 965 1731 gratia
982 1667 1081 1717 terrae.

380 1743 467 1812 Saepe
486 1742 570 1811 etiarn
588 1741 689 1795 sterilis
706 1740 853 1794 incendere
870 1740 973 1810 profuit
990 1755 1070 1807 agros

380 1821 475 1887 Atque
492 1819 579 1872 levem
598 1818 726 1885 stipulam
744 1816 941 1885 crepitantibus
958 1832 1039 1869 urere
1056 1815 1191 1869 flammis:
1216 1831 1241 1868 ee

380 1895 443 1949 Sive
459 1894 523 1947 inde
541 1894 661 1947 occultae
679 1894 743 1946 viris
762 1896 792 1945 et
809 1892 911 1961 pabula
927 1895 1018 1945 terrae

381 1970 494 2037 Pinguia
511 1969 682 2037 concipiunt3
700 1969 756 2021 sive
773 1967 826 2021 illis
844 1983 923 2021 omne
941 1967 1099 2037 perignem

380 2045 548 2113 Exsequitur
565 2044 670 2108 vitium,
689 2046 774 2112 atque
793 2044 912 2107 exsudat
929 2043 1032 2097 inutilis
1049 2043 1164 2107 humor3

381 2121 436 2174 Seu
453 2121 538 2188 pluris
556 2118 629 2173 calor
646 2119 693 2172 ille
710 2120 768 2172 vias
787 2123 816 2173 et
834 2136 914 2172 eaeea
931 2119 1038 2173 relaxat
1081 2162 1089 2177 .
1242 2113 1264 2156 ⁰

381 2197 562 2265 Spiraurenta
580 2211 663 2249 novas
682 2196 772 2249 veniat
791 2213 845 2263 qua
863 2212 943 2248 sucus
960 2197 988 2249 in
1006 2194 1125 2259 herbas;
1216 2208 1243 2247 se

381 2272 436 2326 Seu
454 2271 536 2324 durat
553 2272 646 2339 magis,
664 2274 694 2325 et
711 2287 794 2328 venas
813 2272 960 2339 adstringit
978 2271 1087 2337 hiantis,

381 2347 407 2400 N
409 2364 424 2401 e
442 2351 538 2401 tenues
555 2347 670 2415 pluviae,
688 2347 810 2415 rapidive
828 2349 952 2415 petentia
969 2346 1032 2400 solis

381 2424 486 2490 Aerior,
505 2427 553 2477 aut
571 2423 865 2491 Boreaepenetrabile
883 2425 969 2490 frigus
988 2423 1096 2475 adurat.

416 2500 533 2553 Multum
551 2500 627 2567 adeo,
645 2501 741 2552 rastris
759 2499 871 2567 glaebas
891 2500 937 2567 qui
954 2499 1057 2566 frangit
1068 2498 1172 2552 'inertis

382 2575 574 2644 vimineasque
592 2574 677 2629 trahit
694 2576 784 2644 eratis,
801 2575 877 2628 iuvat
896 2592 979 2641 arva;
996 2591 1086 2643 neque
1102 2573 1180 2627 illmn
1218 2586 1244 2624 se

382 2651 567 2707 Flava.0eres
584 2651 639 2704 alte
657 2652 821 2719 nequiquam
841 2656 946 2719 spectat
964 2651 1098 2721 Olymp03

382 2727 419 2779 ne
437 2726 491 2794 qui,
510 2727 641 2792 proscisso
660 2742 729 2794 quae
748 2728 862 2780 suscitat
882 2744 1000 2797 aequore
1018 2732 1105 2795 terga,

383 2802 487 2854 Rursus
503 2802 534 2856 in
549 2801 688 2869 obliquum
706 2819 784 2855 verso
803 2805 959 2873 perrumpit
978 2801 1078 2872 aratro,

382 2876 553 2944 Exercetque
570 2877 699 2946 frequens
717 2879 851 2947 tellurem,
868 2885 952 2949 atque
969 2881 1077 2948 inperat
1094 2880 1176 2934 arvis.

416 2953 538 3007 Hmnida
555 2954 670 3007 solstitia
688 2959 771 3023 atque
788 2956 892 3010 hiemes
909 2959 986 3009 erate
1004 2972 1121 3021 serenas,
1211 2970 1248 3008 me

383 3030 545 3098 Agrieelae;
562 3029 676 3083 hiberno
694 3031 845 3085 laetissima
864 3032 977 3101 pulvere
996 3032 1076 3099 farra,

382 3105 484 3160 Laetus
501 3123 582 3175 ager:
601 3107 675 3159 nulle
694 3110 802 3161 tantum
822 3125 852 3161 se
871 3109 959 3178 Mysia
978 3108 1056 3162 cultu

383 3182 474 3235 Iactat
491 3187 520 3236 et
537 3185 596 3253 ipsa
613 3199 674 3236 suas
692 3185 826 3237 mirantur
843 3184 965 3251 Gargara
981 3184 1084 3240 messis.

383 3257 455 3321 Quid
473 3259 567 3326 dicam,
584 3260 656 3312 iacto
676 3261 723 3328 qui
741 3262 843 3314 semine
862 3261 1015 3313 comminus
1032 3275 1099 3313 arva

378 3333 541 3399 Insequitur
557 3335 734 3405 cumulosque
752 3336 808 3389 ruit
825 3336 898 3389 male
914 3336 1024 3405 pinguis
1040 3348 1149 3399 arenae,
1213 3346 1251 3387 10⁵

360 3405 478 3459 Der‘nde
495 3411 566 3464 satis
583 3412 702 3467 fluvium
722 3413 831 3468 inducit
848 3412 983 3479 rivosque
1000 3408 1156 3475 sequentis,

345 3475 393 3555 git,
413 3495 481 3536 eum
501 3492 630 3543 exustus
649 3507 724 3560 ager
741 3488 942 3546 morientibus
960 3485 1080 3539 aestuat
1089 3477 1205 3539 uerbis,

385 3567 408 3603 Ἦ
426 3565 594 3626 maerente
616 3568 724 3625 clivosi
741 3568 880 3626 tramitis
897 3565 1013 3619 undam
1094 3594 1111 3598 ..
1140 3589 1143 3594 ·
