3242 4159
657 517 842 567 AENEIDOS
858 518 926 567 LIB.
945 518 978 566 V.
1193 517 1242 569 179

386 598 503 667 Educet,
522 601 552 655 et
570 614 642 669 quae
659 614 730 652 nunc
748 597 839 652 animo
857 597 994 652 sententia
1010 599 1125 652 constet.

387 676 476 731 Haud
490 691 567 730 mora
585 675 710 744 consiliis,
729 691 779 729 nec
796 674 870 729 iussa
886 676 996 729 recusat
1014 677 1138 729 Acestes.

387 752 587 807 Transcribunt
604 749 666 805 urbi
684 754 794 820 matres,
811 751 997 820 populumque
1013 752 1149 805 volentem
1208 766 1243 806 rac

387 830 545 898 Deponunt,
564 829 669 881 animos
687 828 725 881 nil
743 844 858 896 magnae
875 826 965 881 laudis
982 827 1097 895 egentis.

388 906 448 974 Ipsi
465 908 588 958 transtra
605 906 714 971 novant,
732 903 903 972 flanrmisque
921 903 1033 957 ambesa
1049 908 1185 972 reponunt

388 980 501 1035 Robora
518 980 641 1048 navigiis,
659 982 756 1049 aptant
773 989 918 1049 remosque
936 979 1125 1050 rudentisque,

388 1056 490 1125 Exigui
508 1072 631 1123 numero,
650 1056 700 1110 sed
717 1055 789 1110 bello
807 1056 899 1109 vivida
916 1056 1010 1112 virtue.

389 1134 504 1187 Interea
521 1134 631 1186 Aeneas
648 1131 745 1185 urbem
764 1131 891 1199 designat
908 1135 1002 1185 aratro
1208 1147 1245 1190 755

389 1210 568 1278 Sortiturque
585 1207 695 1273 domos;
714 1206 766 1262 hoc
785 1207 868 1261 ilium
885 1211 915 1261 et
932 1207 1000 1262 haec
1017 1209 1077 1263 loca
1094 1209 1199 1264 Troiam

389 1286 461 1339 Esse
477 1284 562 1339 iubet.
599 1283 710 1339 Gaudet
727 1299 813 1352 regno
830 1283 963 1337 Troianus
982 1285 1108 1352 Acestes,

390 1360 549 1430 Indicitque
567 1360 655 1414 forum
674 1362 703 1413 ct
720 1359 845 1428 patribus
863 1359 912 1413 dat
929 1359 990 1413 iura
1006 1361 1116 1416 vocatis.

389 1438 462 1491 Tum
479 1436 568 1490 vicina
585 1435 667 1490 astris
686 1435 801 1505 Erycino
819 1435 848 1488 iu
865 1435 969 1490 vertice
986 1436 1066 1490 sedes

389 1512 538 1568 Fundetur
555 1511 659 1565 Veneri
678 1511 791 1580 Idaliae,
808 1511 970 1581 tumuloque
987 1512 1114 1567 sacerdos
1208 1531 1245 1571 roo

390 1592 436 1643 Ac
454 1589 530 1643 lucus
547 1588 604 1642 late
622 1604 699 1641 sacer
715 1586 830 1641 additur
848 1587 1010 1645 Anchiseo..

427 1665 543 1733 Iamque
561 1663 621 1717 dies
639 1663 749 1732 epulata
766 1679 865 1717 novem
882 1680 950 1732 gens
967 1666 1060 1730 omnis,
1077 1671 1107 1721 et
1123 1668 1179 1721 aris

390 1740 495 1794 Factus
512 1738 611 1793 honos:
632 1739 909 1808 placidistrarerunt
927 1755 1047 1807 aequora
1064 1743 1146 1808 venti,

390 1815 498 1871 Creber
515 1822 545 1869 et
562 1815 704 1883 adspirans
721 1831 816 1867 rursus
833 1816 912 1885 vocat
930 1817 1036 1868 Auster
1052 1816 1081 1870 in
1098 1817 1192 1872 altum.

389 1891 525 1946 Exoritur
541 1907 676 1960 procurva
692 1890 787 1958 ingens
804 1906 855 1958 per
871 1889 953 1944 litora
969 1890 1065 1958 fletus;
1210 1908 1246 1948 reo

390 1967 525 2035 Conplexi
542 1968 616 2021 inter
633 1983 663 2020 se
682 1969 845 2034 noctemque
863 1965 993 2035 diemque
1010 1979 1155 2025 morantur.

391 2044 476 2111 Ipsae
493 2043 548 2100 iam
565 2045 676 2110 matres,
694 2041 753 2111 ipsi,
771 2041 872 2111 quibus
890 2059 988 2112 aspera
1005 2045 1142 2113 quondam

390 2118 462 2173 Visa
478 2118 562 2173 maris
579 2119 662 2173 iacies
680 2123 710 2173 et
727 2134 781 2172 non
799 2118 942 2174 tolerabile
960 2137 1066 2189 nomen,

390 2194 440 2248 Ire
458 2193 559 2263 volunt,
578 2211 740 2263 omnemque
758 2194 840 2262 fugae
857 2196 981 2263 perferre
998 2197 1127 2251 laborem

390 2271 468 2335 Quos
485 2269 572 2324 bonus
590 2274 700 2325 Aeneas
718 2271 798 2325 dietis
816 2270 921 2324 solatur
938 2273 1038 2340 amicis,
1210 2286 1247 2327 πο

390 2347 430 2401 Et
448 2341 647 2415 consanguineo
664 2346 808 2400 lacrimans
826 2347 999 2401 commendat
1016 2350 1142 2401 Acestae.

390 2422 454 2477 'ibis
471 2423 552 2492 Eryci
569 2422 669 2477 vitulos
687 2427 716 2477 et
734 2421 956 2491 Tempestatibus
973 2439 1072 2490 agnam

391 2497 517 2554 Caedere
535 2498 635 2573 deinde
652 2499 738 2567 iubet,
756 2499 879 2568 solvique
896 2514 931 2553 ex
949 2498 1045 2552 ordine
1061 2497 1160 2553 funem.

390 2574 466 2645 Ipse,
485 2578 567 2643 caput
585 2578 680 2629 tonsae
697 2575 769 2629 foliis
787 2575 910 2629 evinctus
927 2575 1021 2643 olivae,

390 2649 475 2705 Stans
486 2651 580 2719 procul
592 2650 619 2703 in
631 2667 714 2719 prora
726 2654 851 2719 pateram
864 2654 949 2720 tenet,
962 2655 1081 2720 extaque
1092 2652 1176 2707 salsos
1210 2665 1246 2706 775

390 2726 511 2780 Pernicit
526 2725 556 2779 in
573 2725 673 2780 fluetus
691 2744 722 2781 ac
740 2727 802 2781 vina
820 2727 954 2796 liquentia
970 2727 1071 2783 fundit.

390 2802 575 2871 Prosequitur
594 2818 708 2870 surgens
727 2819 744 2856 a
760 2803 963 2872 puppi-ventus
981 2804 1079 2859 euntia

389 2878 528 2933 Certatim
545 2879 610 2932 socii
628 2878 732 2933 feriunt
749 2896 826 2934 maro
844 2875 874 2934 et
891 2897 1011 2949 aequora
1028 2883 1146 2934 verrunt.

426 2955 469 3009 At
486 2953 580 3008 Venus
598 2955 704 3008 interea
722 2954 883 3024 Neptunum
902 2957 1023 3009 exercita
1039 2956 1111 3009 curis

389 3030 570 3099 Adloquitur,
588 3032 707 3100 talisque
725 3029 842 3083 effundit
859 3041 972 3099 pectore
991 3033 1117 3099 questus:
1211 3044 1247 3083 reo

390 3107 505 3161 Iunonis
523 3108 615 3174 gravis
633 3107 674 3161 ira
691 3123 742 3161 nec
761 3106 945 3161 exsaturabile
962 3110 1058 3173 pectus
1132 3170 1136 3182 ⁴

388 3183 502 3250 Cogunt
519 3200 570 3251 me,
590 3183 726 3253 Neptune,
746 3200 842 3253 preces
863 3182 1030 3236 descendere
1048 3181 1077 3247 in
1094 3180 1195 3242 omnis;

390 3260 482 3324 Quam
500 3276 549 3313 nec
566 3261 647 3328 longa
665 3259 732 3328 dies,
750 3261 841 3329 pietas
858 3276 909 3313 nec
926 3258 1035 3325 mitigat
1051 3256 1115 3324 ulla,

387 3336 417 3391 N
419 3352 452 3390 ec
470 3336 544 3390 loris
561 3336 666 3404 inperio
683 3336 803 3403 fatisque
820 3336 937 3389 infracta
954 3332 1076 3403 quiescit

387 3413 417 3468 N
419 3428 456 3466 on
474 3412 566 3465 media
583 3412 719 3480 degente
737 3412 877 3483 Phrygum
895 3411 1024 3468 exedime
1038 3408 1171 3465 nale-ndis
1218 3421 1262 3460 aas

385 3486 488 3537 Urbem
507 3486 578 3539 odiis
594 3489 663 3542 satis
683 3492 734 3560 est,
754 3507 806 3547 nec
825 3509 951 3565 poenam
967 3494 1056 3550 maxe
1071 3506 1126 3560 per
1149 3497 1280 3538 cinnama

364 3556 517 3669 Rffiqffffl
538 3562 643 3631 Troiae,
665 3567 782 3626 cineres
798 3575 895 3645 atque
916 3591 987 3631 ossa
1003 3568 1186 3644 perennem
