3242 4159
540 585 548 594 .
623 520 819 590 ‘Annnmos
836 541 902 589 ms.
922 542 989 591 xm.
1022 528 1050 606 J
1202 544 1247 593 au

395 624 499 678 Oblato
517 622 640 690 gaudens
658 621 773 691 conponi
790 622 903 676 foedere
919 621 1029 676 bellum.

395 700 466 753 'lum
486 698 571 752 socios
588 698 742 766 maestique
759 701 865 751 metum
883 699 987 752 solatur
1005 700 1068 767 Iuli,
1213 716 1249 753 no

396 775 468 829 Fata
486 775 594 841 docens,
613 774 726 842 regique
743 773 821 836 iubet
838 791 969 844 responsa
987 776 1086 830 Latino

396 853 483 906 Certa
500 851 605 903 referre
622 850 703 917 ¹viros,
722 852 751 904 et
768 850 843 918 pacis
861 850 952 903 dicere
970 851 1053 919 leges.

433 928 550 981 Postera
566 927 613 980 vix
632 943 752 980 summos
770 928 919 996 spargebat
935 928 1038 982 lumine
1055 929 1155 983 montis

396 1003 469 1057 Orta
485 1003 552 1071 dies,
570 1019 632 1056 cum
650 1003 769 1072 primum
786 1004 844 1057 alto
862 1020 892 1057 se
909 1003 1019 1071 gurgite
1036 1005 1136 1059 tollunt

397 1079 469 1134 Solis
487 1079 560 1149 equi,
578 1079 721 1147 lucemque
738 1078 818 1132 elatis
835 1078 948 1133 naribus
966 1080 1065 1145 efflant,
1212 1095 1248 1133 11⁵

396 1156 532 1224 Campum
549 1155 586 1208 ad
603 1157 742 1209 certamen
759 1171 875 1221 magnae
892 1155 943 1208 sub
961 1155 1104 1209 moenibus
1120 1154 1198 1209 urbis

397 1231 523 1285 Dimensi
541 1231 694 1299 Rutulique
710 1230 762 1284 viri
781 1231 933 1299 Teucrique
950 1231 1092 1299 parabant,

398 1307 434 1361 In
452 1306 598 1375 medioque
615 1307 689 1360 focos
706 1309 736 1360 et
753 1306 796 1359 dis
814 1304 1003 1360 communibus
1020 1323 1082 1360 aras

398 1382 566 1438 Gramineus.
602 1381 660 1435 Alii
677 1382 836 1450 fontemque
853 1382 1000 1449 ignemque
1017 1381 1151 1449 ferebant,

397 1458 493 1513 Veiati
511 1458 582 1525 limo,
601 1461 630 1513 et
647 1457 766 1512 verbena
783 1460 910 1527 tempora
926 1457 1019 1513 vincti.
1212 1472 1249 1511 120

398 1533 531 1588 Procedit
547 1534 619 1603 legio
638 1533 817 1597 Ausonidum,
834 1534 975 1603 pilataque
993 1534 1082 1602 ple‘nis

399 1610 519 1679 Agmina
537 1626 567 1664 se
583 1607 703 1663 fundunt
719 1610 818 1679 portis.
854 1609 929 1663 Hinc
947 1610 1043 1664 Troius
1060 1608 1147 1664 omnis

399 1685 610 1755 Tyrrhenusque
627 1685 684 1739 ruit
701 1685 784 1739 variis
802 1685 940 1739 exercitus
957 1686 1048 1754 armis,

400 1761 486 1815 Haud
503 1776 581 1815 secus
598 1761 726 1815 instructi
744 1760 824 1824 ferro,
843 1777 925 1828 quam
943 1760 967 1814 si
984 1777 1081 1830 aspera
1097 1759 1198 1814 Martis

399 1836 497 1906 Pugna
514 1841 600 1892 vocet.
635 1837 766 1892 Necnon
783 1836 883 1890 mediis
900 1836 929 1889 in
946 1836 1057 1891 milibus
1073 1836 1126 1905 ipsi
1213 1850 1248 1889 125

399 1912 536 1967 Ductores
553 1930 620 1967 auro
637 1914 753 1967 volitant
770 1915 902 1982 ostroque
920 1911 1038 1981 superbi,

399 1989 438 2043 llt
454 2006 541 2058 genus
559 1990 688 2043 Assaraci
705 1989 874 2057 Mnestheus,
892 1994 921 2043 et
937 1989 1017 2043 fortis
1034 1988 1135 2057 Asilas,

399 2064 437 2119 Et
454 2063 598 2133 Messapus
616 2081 717 2134 equum
734 2064 862 2134 domitor,
880 2064 1021 2135 Neptunia
1036 2064 1133 2135 proles.

399 2140 496 2209 thue
514 2140 581 2194 dato
598 2141 675 2210 signo
693 2140 782 2209 spatia
799 2141 829 2194 in
846 2157 896 2195 sua
913 2141 1030 2209 quisque
1047 2140 1167 2208 recessit,

399 2215 533 2284 Defigunt
550 2216 644 2270 telluri
660 2215 755 2269 hastas
771 2220 801 2270 et
818 2219 898 2270 scuta
915 2216 1055 2271 reclinant.
1209 2228 1245 2268 uo

400 2291 470 2345 'lum
488 2291 580 2346 studio
598 2292 700 2346 effusae
718 2294 822 2345 matres
839 2294 870 2344 et
886 2290 982 2358 volgus
998 2290 1134 2344 inermum

400 2366 575 2436 Invalidique
593 2383 672 2421 senes
689 2366 774 2421 turris
792 2369 821 2421 et
838 2369 913 2420 tectu
931 2367 1072 2420 domorum

400 2442 551 2510 Obsedere,
568 2442 616 2498 ulii
633 2442 721 2511 portis
739 2441 903 2497 sublimibus
919 2441 1038 2496 adstant.

435 2521 478 2574 At
496 2519 567 2573 Iuno
585 2534 602 2572 e
619 2535 733 2587 summo,
751 2517 798 2587 qui
817 2534 888 2571 nunc
907 2517 1031 2571 Albanus
1048 2515 1208 2583 habetur,-

399 2594 470 2648 'lum
481 2610 571 2663 neque
583 2610 682 2648 nomen
695 2597 756 2648 erat
767 2610 817 2649 nec
829 2594 915 2647 honos
927 2596 975 2647 aut
987 2593 1074 2661 gloria
1084 2593 1206 2646 monti-

400 2670 574 2739 Prospiciens
584 2670 690 2725 tumulo
702 2685 828 2739 campum
841 2668 1001 2737 aspectabat
1012 2671 1042 2723 et
1053 2668 1147 2722 ambus
1215 2684 1250 2721 ra·

400 2745 572 2801 Laurentum
589 2746 745 2815 Troumque
763 2746 835 2799 acies
852 2746 1004 2815 urbemque
1021 2744 1123 2800 Latini.

402 2821 548 2891 Extemplo
566 2822 651 2875 Turni
668 2822 707 2876 sic
725 2824 769 2875 est
785 2820 880 2875 adfata
898 2838 1026 2891 sororem,

400 2898 471 2951 Diva
488 2898 576 2965 deam,
596 2898 699 2966 stagnis
717 2914 789 2965 quae
806 2897 1020 2965 fluminibusque
1037 2897 1143 2951 sonoris

400 2972 561 3039 Praesidet3
578 2973 650 3028 hunc
666 2972 707 3027 illi
724 2990 774 3027 rex
792 2973 913 3027 aetheris
931 2972 1003 3026 altus
1020 2972 1151 3026 honorem
1215 2987 1251 3024 140

400 3049 529 3119 Iuppiter
545 3053 642 3119 erepta
658 3066 709 3118 pro
725 3048 885 3117 virginitate
904 3047 1031 3102 sacravit:

399 3125 426 3179 N
428 3125 536 3194 ympha
554 3126 638 3179 decus
655 3123 806 3192 fluviorum,
826 3124 915 3178 auimo
933 3122 1089 3192 gratissima
1105 3126 1206 3189 nostro,

400 3200 466 3267 Scis,
482 3203 515 3257 ut
532 3204 562 3256 te
578 3201 684 3256 cunctis
701 3218 790 3269 unam,
808 3198 997 3269 quaecumque
1016 3198 1130 3253 Latinae

399 3275 569 3345 Magnanimi
587 3277 661 3331 Iovis
678 3277 815 3345 ingratum
833 3274 980 3329 ascendere
997 3274 1094 3341 cubile,

400 3352 591 3420 Praetulerim,
610 3352 733 3422 caelique
750 3352 840 3407 libens
856 3352 887 3405 in
902 3354 986 3421 parte
1000 3349 1132 3404 locatim:
1219 3361 1263 3396 xus

394 3427 479 3481 Disce
497 3432 582 3496 tuum,
599 3445 636 3483 ue
653 3445 699 3484 me
717 3430 837 3500 incuses,
855 3429 991 3498 Iuturna,
1008 3426 1149 3481 dolorem.

385 3500 445 3563 Qus
465 3501 523 3555 risa
539 3507 587 3558 est
602 3504 723 3563 fortuna
741 3507 807 3581 pati
826 3508 1002 3577 Parcaeque
1020 3500 1166 3557 sinebant

372 3571 483 3628 Cedere
499 3592 548 3630 res
568 3580 662 3652 Latio,
683 3584 823 3642 'lurnum
841 3590 878 3644 et
896 3589 956 3642 tua
973 3578 1102 3638 moenita.
1118 3570 1210 3627 tesi·-

1239 3696 1291 3709 a
