3242 4159
619 516 621 522 ’
666 528 848 577 Anunlnos
864 527 935 577 mn.
953 526 1035 577 vm.
1224 532 1271 578 aaa

419 613 483 667 Rex
500 611 575 681 prior
591 610 672 666 haec:

418 690 550 743 Maxume
564 688 729 741 Teucrorum
742 688 847 755 ductor,
859 703 914 756 quo
927 687 1030 755 sospite
1041 703 1191 756 numquam
1231 700 1268 741 470

419 765 478 819 Res
496 765 623 833 equidem
641 764 737 818 Troiae
755 764 841 817 rictas
858 767 907 816 aut
923 771 1008 831 regna
1023 763 1140 833 fatebor,-

417 842 446 895 N
447 840 507 895 obis
524 839 561 893 ad
579 839 644 893 belli
662 840 791 893 auxilium
809 855 859 906 pro
877 840 984 892 nomine
1003 842 1083 894 tanto

418 919 543 987 Exiguae
561 917 646 971 vires:
667 915 729 969 hinc
747 916 834 969 Tusco
852 914 1005 971 claudimur
1022 916 1102 983 amni,

419 996 494 1050 Hinc
512 993 632 1047 Rutulus
648 994 757 1062 premit,
775 995 805 1047 et
823 1009 932 1045 murum
951 992 1130 1047 circumsonat
1147 994 1238 1062 armis,

418 1072 476 1126 Sed
493 1071 544 1125 tibi
562 1087 614 1138 ego
631 1070 749 1137 ingentis
767 1069 881 1137 populos
900 1068 1083 1138 opulentaque
1100 1070 1192 1139 regnis
1232 1085 1269 1126 475

419 1149 539 1216 Iungere
556 1149 646 1201 castra
663 1162 736 1215 paro,
757 1162 839 1214 quarn
856 1145 913 1199 fors
930 1144 1040 1213 inopina
1057 1147 1174 1201 salutem

418 1224 556 1279 Ostentat.
592 1223 669 1277 Fatis
687 1223 739 1276 huc
757 1226 788 1276 te
804 1221 980 1290 poscentibus
998 1223 1095 1277 adfers.

419 1300 505 1354 Haud
522 1300 615 1368 procul
633 1297 698 1352 hinc
716 1315 781 1354 saxo
799 1298 926 1351 incolitur
947 1297 1063 1352 fundata
1080 1303 1190 1355 vetusto

417 1376 503 1431 Urbis
521 1375 666 1445 Agyllinae
683 1374 771 1443 sedes,
788 1374 837 1427 ubi
855 1373 942 1443 Lydia
959 1376 1097 1443 quondam

417 1452 500 1520 Gens,
518 1452 591 1506 bello
608 1451 755 1520 praeclara,
773 1451 844 1519 iugis
861 1450 964 1504 insedit
983 1452 1112 1507 Etruscis.
1230 1470 1269 1509 eso

418 1530 500 1583 Hanc
517 1526 618 1581 multos
635 1526 777 1581 florentem
795 1543 880 1581 annos
897 1544 946 1581 rex
964 1528 1064 1583 deinde
1081 1530 1199 1598 superbo

418 1605 530 1674 Inperio
547 1608 576 1658 et
594 1603 681 1657 saevis
699 1604 790 1657 tenuit
809 1604 962 1658 Mezentius
979 1605 1069 1660 armis.

418 1680 492 1746 Quid
510 1696 659 1735 memorem
676 1678 802 1733 infandas
820 1680 924 1747 caedes,
944 1681 1011 1749 quid
1028 1682 1101 1736 facta
1118 1684 1226 1751 tyranni

418 1756 524 1811 Efferat
546 1756 575 1809 di
592 1756 674 1825 capiti
692 1756 776 1824 ipsius
794 1756 943 1823 generique
962 1761 1116 1812 reservent!

418 1833 529 1887 Mortua
546 1832 612 1901 quin
630 1832 712 1886 etiam
729 1831 862 1899 iungebat
879 1848 993 1899 corpora
1010 1832 1085 1902 vivis,
1230 1849 1268 1888 ass

419 1908 581 1977 Conponens
598 1907 779 1976 manibusque
797 1923 893 1960 manus
911 1909 995 1975 atque
1013 1909 1106 1963 oribus
1122 1926 1177 1977 ora,

418 1984 559 2039 Tormenti
576 2001 671 2052 genus,
689 1989 718 2038 et
736 1984 810 2037 sanie
829 1982 950 2053 taboque
967 1984 1077 2038 fluentis

419 2060 560 2129 Conplexu
577 2060 606 2113 in
623 2060 722 2114 misero
739 2061 821 2128 longa
839 2060 876 2113 sic
893 2064 982 2115 morte
999 2062 1123 2117 necabat

418 2136 460 2191 At
477 2136 541 2190 fessi
558 2136 671 2200 tandem
689 2136 761 2191 cives
779 2136 892 2190 infanda
908 2136 1044 2192 furentem

363 2211 368 2221 “
420 2212 530 2265 Armati
548 2212 751 2267 circumsistunt
768 2213 913 2282 ipsumque
932 2214 1105 2284 domumque,
1231 2232 1269 2271 seo

419 2288 592 2343 Obtnmcant
609 2289 703 2357 socios,
721 2290 811 2357 ignem
831 2288 867 2342 ad
885 2289 994 2357 fastigia
1011 2291 1121 2345 iactant.

419 2364 472 2418 Ille
488 2365 562 2419 inter
578 2365 690 2419 caedem
709 2365 874 2419 Rutulorum
895 2364 1002 2434 elapsus
1020 2366 1047 2418 in
1065 2384 1146 2434 agros

419 2440 579 2508 Confugere,
596 2443 626 2494 et
643 2441 727 2494 'lurni
746 2441 889 2494 defendier
907 2440 1022 2508 hospitis
1040 2443 1130 2496 armis.

418 2517 491 2585 Ergo
509 2517 596 2570 omnis
612 2517 691 2571 furiis
709 2519 828 2571 surrexit
846 2516 958 2571 Etmria
975 2517 1067 2583 iustis;

419 2593 525 2661 Regem
542 2592 579 2647 ad
597 2594 759 2662 supplicium
776 2593 914 2663 praesenti
933 2593 1025 2647 Marte
1043 2598 1196 2663 reposcunt.
1231 2611 1267 2652 sm

419 2669 473 2721 His
491 2685 542 2737 ego
561 2673 597 2736 te,
617 2671 719 2740 Aenea,
739 2670 880 2724 ductorem
900 2669 1009 2723 milibus
1027 2671 1134 2725 addam.

418 2746 488 2799 'loto
505 2762 623 2815 namque
641 2747 761 2801 fremunt
779 2747 930 2801 condensae
948 2748 1027 2802 litore
1044 2765 1157 2818 puppes,

418 2820 557 2891 Signaque
574 2823 647 2877 ferre
664 2823 773 2889 iubent;
793 2825 895 2878 retinet
913 2824 1060 2893 longaevus
1076 2826 1213 2895 haruspex

419 2897 490 2952 Fata
507 2915 620 2953 canens:
640 2900 663 2953 Ο
683 2899 824 2955 Maeoniae
842 2900 950 2955 delecta
967 2901 1101 2969 iuventus,

418 2974 484 3029 Flos
495 2979 620 3030 veterum
631 2976 774 3044 virtusque
785 2977 881 3043 virum,
893 2994 961 3045 quos
973 2977 1061 3031 iustus
1072 2977 1101 3030 in
1112 2978 1220 3032 hostem
1231 2992 1268 3033 soc

419 3051 487 3106 Fert
505 3053 583 3106 dolor
600 3055 629 3106 et
646 3053 745 3107 merita
763 3052 887 3106 accendit
906 3052 1058 3107 Mezentius
1075 3054 1123 3121 ira,

418 3127 495 3181 Nulli
512 3128 554 3182 ias
573 3129 645 3183 Italo
663 3132 770 3184 tantam
790 3129 953 3196 subiungere
970 3132 1095 3195 gentem:

419 3205 556 3261 Externos
574 3210 669 3276 optate
687 3206 778 3260 duces.
816 3205 885 3258 Tum
904 3205 1019 3257 Etrusca
1036 3204 1140 3258 resedit

419 3280 481 3335 Hoe
498 3282 571 3337 acies
587 3298 690 3352 campo,
707 3282 818 3336 monitis
835 3281 968 3335 exterrita
984 3280 1082 3335 divom.

419 3358 485 3426 Ipse
503 3362 625 3413 oratores
642 3359 679 3413 ad
695 3375 740 3412 me
757 3358 890 3427 regnique
907 3374 1034 3411 coronam
1231 3370 1269 3413 aaa

418 3435 485 3487 Cum
502 3438 613 3504 seeptro
629 3435 706 3491 misit
724 3436 897 3507 mandatque
913 3435 1037 3506 insignia
1045 3433 1194 3497 lemnon,
1274 3467 1277 3472 -

403 3507 556 3564 Succedam
576 3514 686 3585 castris,
706 3514 915 3589 Tyrrhenaque
931 3532 1029 3586 regna
1045 3522 1211 3581 capessam-

391 3578 453 3631 Sed
468 3583 541 3638 milri
559 3588 647 3645 tarda
663 3592 738 3663 gelu
755 3596 927 3669 saeclisque
945 3594 1043 3652 ensis
1058 3587 1206 3645 sennenn*
1284 3585 1296 3638 l
