3242 4159
667 517 851 566 AENEIDOS
868 516 990 566 ΜΒΝ.
1204 520 1250 566 165

368 639 377 654 ,
392 603 535 658 Hortatur
552 598 725 653 Mnestheus:
744 597 831 663 Nunc,
849 613 921 651 nunc
938 597 1071 666 insurgite
1087 599 1177 661 remis
1222 614 1226 621 ·

393 678 528 733 Hectorei
548 677 618 742 socii,
638 675 735 728 Troiae
753 690 823 743 quos
841 679 916 728 sorte
934 691 1060 743 suprema
1215 689 1251 731 rso

391 755 492 823 Delegi
511 754 643 819 comites3
661 769 731 805 nunc
750 752 811 805 illas
829 752 947 820 promite
964 752 1036 821 viris,

390 833 474 886 Nrmc
491 830 603 897 animos,
622 829 721 899 quibus
738 829 766 881 in
782 829 907 883 Gaetulis
926 828 1051 897 Syrtibus
1068 828 1111 883 usi

391 909 529 976 Ionioque
547 906 617 960 mari
636 906 797 974 Maleaeque
816 906 977 974 sequacibus
995 906 1083 960 undis.

389 986 421 1039 N
423 1002 458 1039 on
474 985 529 1038 iam
548 983 636 1051 prinis
653 986 719 1051 peto
737 982 905 1050 Mnestheus,
923 999 1013 1051 neque
1030 984 1138 1037 vincere
1160 987 1250 1049 certo;

390 1062 568 1130 Quamquam
593 1058 718 1113 oi-Sed
745 1062 883 1126 superent,
908 1058 1007 1127 quibus
1032 1058 1090 1127 hoc,
1115 1059 1251 1128 Neptune,

468 1136 587 1201 dedisti;
1216 1149 1252 1189 195

389 1214 542 1267 Extremus
560 1212 664 1281 pudeat
681 1211 811 1276 rediisse;
829 1211 880 1264 hoc
897 1212 1004 1281 vincito,
1022 1215 1100 1283 cives,

390 1290 433 1343 Et
450 1290 595 1359 prohibete
613 1289 696 1342 nefas.
736 1288 789 1342 Olli
807 1288 957 1343 certamine
975 1307 1079 1344 summo

391 1365 601 1431 Procumbunt;
618 1365 702 1419 vastis
720 1368 816 1422 tremit
832 1369 933 1421 ictibus
950 1384 1030 1421 aerea
1046 1367 1153 1436 puppis,

390 1442 631 1511 subtrahiturque
650 1443 751 1510 solum;
769 1447 829 1499 tum
847 1444 944 1499 creber
962 1443 1098 1498 anhelitus
1115 1446 1192 1496 artus

392 1518 540 1588 Aridaque
559 1535 607 1572 ora
624 1520 730 1588 quatit;
749 1522 833 1576 sudor
851 1522 912 1575 fluit
929 1521 1051 1590 undique
1068 1520 1140 1573 rivis.
1215 1531 1251 1572 aot

392 1595 503 1649 Attulit
519 1594 578 1663 ipse
596 1595 660 1647 viris
678 1599 802 1664 optatum
820 1615 898 1651 casus
915 1598 1051 1651 honorem.

392 1670 523 1739 Namque
541 1672 635 1725 furens
654 1673 737 1725 animi
755 1673 822 1727 dum
840 1690 949 1743 proram
967 1673 1003 1726 ad
1020 1690 1086 1726 sara
1101 1673 1251 1738 suburguet

393 1748 518 1801 Interior
536 1750 679 1817 spatioque
699 1749 774 1803 subit
793 1750 939 1817 Sergestus
956 1751 1056 1817 iniquo,

394 1823 499 1877 Infelix
517 1826 589 1877 saxis
608 1823 636 1877 in
654 1826 878 1894 procurrentibus
896 1825 989 1879 haesit.

393 1900 550 1963 Concussae
569 1904 669 1966 cautes,
689 1906 718 1955 et
736 1906 817 1955 acute
834 1902 862 1954 in
880 1901 981 1955 murice
999 1902 1068 1955 remi
1217 1913 1253 1953 eut

395 1975 500 2029 Obnixi
519 1992 657 2046 crepuere,
676 1978 811 2047 inlisaque
828 1995 911 2047 prora
928 1977 1065 2047 pependit.

396 2052 573 2121 Consurgunt
592 2057 694 2107 nautae
714 2058 743 2108 et
762 2071 860 2123 magno
880 2055 996 2108 clamore
1013 2055 1160 2121 morantur,

397 2127 584 2199 Ferrutasque
603 2130 700 2184 trudes
718 2133 747 2184 ct
765 2134 846 2184 acuta
864 2131 976 2200 cuspide
993 2135 1087 2185 contos
1137 2180 1139 2185 .

397 2204 564 2275 Expediunt,
583 2206 739 2275 fractosque
756 2207 852 2274 legunt
869 2207 898 2260 in
915 2208 1023 2274 gurgite
1041 2221 1140 2260 remos.

398 2284 440 2335 At
457 2282 548 2336 laetus
567 2282 728 2336 Mnestheus
747 2299 928 2351 successuque
946 2284 1033 2335 acrior
1050 2282 1109 2350 ipso
1219 2290 1256 2333 210
1280 2303 1286 2320 ·

400 2360 519 2426 Agmine
537 2374 674 2411 remorum
695 2357 777 2411 celeri
796 2360 940 2425 ventisque
957 2358 1060 2411 vocatis

399 2435 490 2488 Prona
507 2434 579 2503 petit
596 2434 683 2487 maria
701 2439 729 2488 et
747 2435 846 2503 pelago
864 2433 985 2486 decurrit
1002 2435 1105 2501 aperto.

399 2510 494 2575 Qualis
512 2511 640 2579 spelunca
658 2510 747 2564 subito
766 2514 900 2563 commota
917 2508 1049 2574 columba,

399 2586 450 2639 Cui
469 2586 567 2640 domus
585 2590 614 2640 et
632 2587 724 2640 dulces
742 2587 880 2640 latebroso
896 2586 925 2639 in
942 2586 1048 2654 pumice
1065 2584 1130 2651 nidi,

398 2662 502 2717 Fertur
513 2663 540 2715 in
553 2679 619 2716 arra
631 2664 731 2732 volans,
744 2665 925 2733 plausumque
937 2662 1070 2715 exterrita
1081 2661 1177 2730 pennis
1223 2674 1258 2713 215

398 2738 455 2791 Dat
473 2742 547 2792 tecto
565 2739 711 2807 ingentem,
731 2749 794 2793 mex
812 2756 876 2793 aere
893 2740 969 2807 lapsa
986 2739 1080 2808 quicto

399 2814 485 2868 Radit
503 2815 558 2868 iter
576 2816 719 2883 liquidum,
742 2816 837 2869 celeris
857 2832 946 2883 neque
965 2819 1117 2869 conrmovct
1133 2817 1203 2868 alas:

399 2890 444 2944 Sic
463 2891 633 2958 Mnestheus,
653 2893 691 2945 sic
708 2893 768 2961 ipsa
788 2892 854 2960 fuga
873 2895 948 2947 secat
967 2892 1064 2944 ultima
1082 2890 1181 2943 Pristis

400 2971 539 3036 Aequora,
560 2968 598 3022 sic
616 2969 692 3021 illum
711 2969 766 3023 fert
785 2969 906 3038 impetus
922 2970 981 3036 ips'c
999 2968 1142 3020 volantem.

400 3046 438 3097 st
455 3045 574 3112 primum
591 3046 619 3097 in
641 3045 749 3114 scopulo
771 3045 920 3098 luctantem
939 3044 1044 3097 deserit
1062 3043 1116 3096 alto
1226 3055 1263 3094 aaa

399 3121 560 3188 Sergestum
579 3121 762 3189 brevibusque
784 3122 861 3174 vadis
881 3121 1038 3188 frustraque
1056 3121 1197 3171 vocantem

401 3196 514 3251 Auxilia
532 3202 561 3251 ct
578 3198 673 3251 fractis
694 3198 845 3250 discentem
864 3213 973 3250 currere
991 3194 1080 3248 remis.

401 3273 473 3327 [nde
492 3274 570 3342 Gyan
588 3275 731 3342 ipsamque
751 3274 857 3341 ingenti
878 3274 948 3326 mole
968 3272 1140 3325 Chimaeram

401 3349 603 3418 Consequitur3
621 3349 702 3418 cedit,
722 3351 849 3417 quoniam
864 3349 983 3417 spoliata
1000 3346 1131 3415 magistro
1149 3348 1198 3400 est.

399 3426 481 3478 Solus
497 3428 608 3492 iamque
624 3427 685 3495 ipso
704 3430 833 3496 superest
849 3426 879 3481 in
899 3426 954 3482 line
973 3424 1144 3481 Cloanthus:
1235 3436 1279 3473 ‘aa

389 3501 479 3559 Quem
493 3502 579 3568 peta,
598 3505 628 3555 et
645 3505 767 3559 summis
785 3505 914 3563 adnisus
930 3504 1045 3564 uiribus
1062 3504 1181 3573 urguet.

376 3568 447 3620 Turn
468 3585 535 3627 vero
551 3575 717 3645 ingeminat
737 3584 862 3661 clamor,
881 3587 1048 3659 minutique
1066 3580 1255 3651 sequentem
