3242 4159
650 514 835 566 nunninae
857 514 928 567 nra
949 509 988 568 In
1200 522 1246 576 121

375 596 557 657 Commendo
574 595 654 650 sooiis
671 599 701 650 et
718 611 800 650 ourra
816 595 888 650 valle
904 595 1037 665 reoondo;

377 676 453 746 Ipso
471 671 569 728 urbem
585 675 683 741 repeto
701 674 731 726 et
749 670 843 739 cingor
863 671 1032 740 fulgentibus
1048 674 1138 729 armis

377 753 450 808 Stat
470 766 549 805 easus
565 764 697 804 renovare
715 748 809 816 omnis,
829 764 995 817 omnemque
1011 750 1114 806 reverti
1211 764 1250 808 ato

379 829 443 884 Per
461 826 578 893 Troiam,
596 828 627 880 et
644 841 740 878 rursus
760 826 844 894 eaput
862 823 1001 880 obiectare
1017 826 1133 894 periclis.
1203 869 1205 874 .

422 903 561 972 Principio
577 917 671 955 muros
689 900 860 969 obsemaquo
877 899 971 954 limina
986 904 1092 970 portae,

381 982 450 1046 Qua
467 995 592 1049 gressum
609 977 770 1045 extuleram,
789 980 895 1045 repeto,
912 979 943 1031 et
959 977 1077 1046 vestigia
1092 981 1170 1033 retro

381 1057 543 1111 Observata
560 1069 659 1123 sequor
675 1069 725 1121 per
742 1055 852 1107 noctem
870 1057 901 1107 et
917 1052 1019 1108 lumine
1036 1055 1130 1110 lustro.

384 1134 498 1188 Horror
514 1129 615 1199 ubique
632 1129 744 1198 animos,
762 1128 842 1183 simul
859 1128 919 1197 ipsa
935 1130 1043 1185 silentia
1060 1134 1175 1186 terrent.
1209 1144 1246 1186 toa

385 1208 464 1264 Inde
480 1207 600 1273 domum,
618 1206 641 1259 si
658 1206 730 1259 forte
748 1204 856 1273 pedem,
874 1205 897 1258 si
914 1206 986 1259 forto
1003 1207 1119 1275 tulisset,

383 1284 544 1339 Merelero.
583 1282 731 1337 Inruerant
741 1280 838 1348 Danai,
848 1285 877 1335 et
886 1285 990 1335 tectum
999 1299 1079 1336 omne
1087 1283 1226 1338 tenebant

366 1361 469 1417 ,Ilieet
487 1359 557 1427 ignis
574 1358 647 1413 edax
664 1373 770 1411 summa
788 1356 825 1409 ad
842 1357 950 1424 fastigia
967 1362 1048 1412 vento

385 1436 531 1500 Volvitur3
549 1435 718 1503 exsuperant
735 1433 867 1498 flammae,
884 1434 952 1487 furit
969 1439 1061 1489 aestus
1077 1433 1115 1488 ad
1130 1451 1220 1489 auras.

386 1511 512 1567 Procedo
530 1514 559 1565 et
578 1509 679 1564 Priami
696 1509 778 1564 sedes
795 1526 940 1579 arcemque
957 1512 1053 1567 reviso.
1207 1526 1244 1568 too

386 1589 425 1642 Et
441 1588 497 1641 iam
514 1585 664 1655 porticibus
682 1586 774 1640 vacuis
794 1585 905 1639 lunonis
922 1588 995 1656 asylo

386 1661 524 1718 Custodes
542 1660 607 1715 lecti
627 1660 750 1715 Phoenix
769 1664 797 1715 et
816 1660 892 1715 dinis
910 1662 1006 1717 Ulixes

386 1738 524 1793 Praedam
543 1736 733 1791 adservabant.
772 1738 835 1791 Huc
853 1736 975 1804 undique
994 1739 1074 1793 Troia
1089 1756 1157 1807 gaza

387 1814 511 1870 Incensis
530 1815 626 1881 erepta
644 1813 741 1881 adytis,
759 1829 923 1880 mensaeque
940 1813 1061 1883 deorum,

385 1892 573 1958 Crateresque
592 1904 658 1941 auro
676 1887 763 1956 solidi,
781 1887 944 1956 captivaque
961 1890 1046 1943 vestis
1207 1898 1245 1942 too

388 1965 560 2035 Congeritur.
598 1963 681 2018 Pueri
698 1967 729 2017 et
744 1963 860 2031 pavidae
877 1962 959 2031 longo
976 1964 1072 2020 ordine
1088 1969 1192 2023 matres

386 2043 470 2097 Stant
487 2042 594 2095 circum.

388 2121 483 2173 Ausus
502 2116 568 2186 quin
586 2117 670 2171 etiam
688 2132 767 2169 voees
785 2116 887 2170 iactare
904 2136 955 2186 per
971 2119 1096 2174 umbram

389 2194 496 2263 Inplevi
514 2192 631 2246 clamore
650 2192 714 2259 vias,
732 2195 907 2259 maestusque
926 2194 1057 2248 Creusam

389 2270 562 2340 Nequiquam
575 2268 747 2335 ingeminans
757 2267 913 2335 iterumque
925 2268 1080 2339 iterumque
1091 2272 1191 2327 vooev'n
1207 2286 1244 2329 tto

389 2346 537 2413 Quaerenti
557 2348 588 2399 et
605 2345 686 2397 tectis
704 2343 779 2397 urbis
797 2343 857 2396 sino
874 2344 929 2397 fine
946 2345 1049 2400 furenti
1074 2395 1077 2401 .

387 2423 490 2479 Infelix
508 2423 682 2476 simulacrum
703 2425 785 2488 atque
804 2419 888 2487 ipsius
906 2419 1003 2473 umbra
1021 2422 1140 2476 Creusae

387 2502 457 2555 Visa
474 2499 539 2553 mihi
558 2502 622 2552 ante
641 2498 732 2551 oeulos
751 2500 780 2549 et
797 2498 863 2548 nota
880 2496 965 2548 maior
983 2496 1080 2566 imago.

387 2577 524 2646 Obstipui,
545 2578 736 2643 steteruntque
754 2589 848 2627 eomae
866 2574 896 2625 ot
912 2588 965 2626 vox
981 2574 1103 2629 faucibus
1119 2576 1216 2633 haesit

386 2656 458 2709 'l'um
476 2654 513 2707 sie
531 2652 618 2706 adfari
638 2655 666 2705 et
684 2667 762 2703 ouras
780 2651 823 2703 his
841 2651 952 2704 demere
970 2651 1063 2708 dictis:
1208 2669 1245 2712 πᾶ

388 2730 464 2798 Quid
481 2733 589 2785 tantum
608 2729 705 2784 insano
724 2728 800 2782 iuvat
818 2727 961 2796 indulgere
979 2730 1073 2801 dolori,

387 2809 413 2862 0
433 2808 519 2862 dulcis
536 2807 672 2861 ooniunxl
694 2824 748 2863 non
767 2806 835 2861 liaeo
853 2804 911 2859 sine
928 2808 1038 2863 numine
1056 2810 1147 2863 divom

388 2885 540 2950 Eveniunt3
556 2901 609 2939 neo
627 2888 656 2939 to
674 2885 738 2939 hinc
757 2883 884 2938 comitem
903 2888 1044 2954 asportare
1063 2886 1193 2940 Creusam

387 2963 445 3018 Fas
461 2966 510 3017 aut
526 2961 573 3017 ille
591 2962 657 3016 sinit
676 2962 768 3031 superi
786 2966 915 3029 regnator
933 2962 1047 3032 Olympi.

387 3040 485 3109 Longa
495 3039 546 3093 tibi
558 3038 661 3109 exsilia,
675 3041 705 3094 et
718 3042 826 3092 vastum
838 3039 922 3092 maris
933 3056 1035 3108 aequor
1045 3038 1185 3103 arandum,
1209 3052 1246 3093 roo

387 3116 428 3171 Et
444 3119 547 3171 terram
565 3116 729 3187 Hesperiam
749 3118 848 3186 venies,
868 3114 915 3168 ubi
933 3116 1035 3184 Lydius
1053 3130 1118 3167 arva

388 3193 470 3248 Inter
486 3194 577 3262 opima
594 3194 683 3249 virum
701 3194 757 3251 leni
775 3194 837 3248 fluit
854 3198 963 3267 agmine
981 3189 1111 3258 Thybrisz'

388 3267 452 3324 Illic
468 3287 514 3326 res
529 3271 620 3328 laetae
637 3291 811 3343 regnumque
830 3277 859 3327 et
876 3274 951 3341 regia
968 3270 1084 3325 coniunx

388 3344 475 3402 Parta
491 3347 550 3404 tibi.
590 3351 731 3404 Lacrimas
749 3350 866 3418 dilectae
882 3347 954 3417 polle
973 3347 1103 3401 Creusae:

387 3419 452 3476 Non
469 3441 521 3490 ogo
537 3425 743 3493 Myrmidonum
762 3424 844 3479 aedos
863 3424 1035 3495 Dolopumue
1052 3422 1188 3491 supernas
1210 3432 1254 3473 aaa

373 3494 523 3562 Aapieanr,
541 3503 593 3553 aut
612 3501 705 3555 Graiis
724 3503 865 3558 servitum
883 3502 1029 3560 matribus
1042 3498 1104 3571 no,

359 3561 511 3635 Dardana
529 3575 562 3627 et
580 3573 667 3632 divae
685 3576 818 3640 Veneris
834 3599 945 3652 nurns3
