3242 4159
651 532 836 581 AENEIDOS
853 533 922 582 LIB.
941 535 992 583 XI.
1192 537 1238 583 303

382 614 406 666 0
426 614 512 667 decus
531 611 630 666 ltaliae
649 610 734 678 virgo,
753 625 822 678 quas
840 609 931 665 dicere
948 615 1048 678 grates

383 690 492 755 Quaeve
509 687 613 741 referre
631 686 741 754 peremi
766 685 817 739 sed
833 702 913 754 nunc,
931 690 974 740 est
992 688 1083 740 omnia
1100 685 1211 756 quando

383 766 443 819 Iste
461 763 567 816 animus
586 778 676 829 supra,
694 778 801 815 mecum
820 762 924 830 partire
941 761 1070 816 laborem.
1204 776 1238 815 no

384 842 501 907 Aeneas,
519 842 552 892 ut
569 838 641 891 sama
658 837 743 891 fidem
761 837 893 906 missique
910 841 1053 905 reportant

384 916 588 984 Exploratores,
608 913 731 983 equitum
751 913 822 966 levia
838 913 969 981 inprobus
987 930 1063 967 arma

384 990 539 1056 Praemisit,
558 992 705 1058 quaterent
723 1005 849 1057 campos3
867 989 927 1057 ipso
945 989 1033 1043 ardua
1049 989 1151 1045 montis
1212 1057 1214 1059 η

385 1068 439 1121 Per
457 1066 568 1120 deserta
585 1066 648 1133 iugo
667 1081 799 1135 superans
817 1065 947 1119 adventat
965 1064 1001 1118 ad
1018 1064 1122 1119 urbem.

385 1145 473 1197 Furta
488 1159 556 1211 paro
573 1141 639 1195 belli
656 1158 776 1196 convexo
794 1140 823 1193 in
840 1141 952 1195 tramite
970 1140 1061 1209 silvae,
1202 1157 1238 1195 515

384 1220 425 1274 Ut
443 1218 531 1271 bivias
550 1221 656 1271 armato
675 1216 798 1271 obsidam
817 1217 905 1270 milite
922 1217 1025 1271 iancea.

385 1296 426 1349 Tu
443 1293 611 1362 Tyrrhenum
630 1293 751 1362 equitem
769 1292 877 1346 collatis
895 1292 989 1360 excipe
1007 1292 1105 1360 signis;

385 1372 485 1424 'lecum
503 1386 566 1423 acer
583 1369 726 1437 Messapus
745 1368 806 1435 erit,
825 1372 988 1436 turnneque
1006 1366 1129 1434 Latinae,

385 1446 547 1514 Tiburtique
565 1462 675 1509 manus;
694 1444 772 1498 ducis
790 1448 820 1498 et
837 1447 868 1497 tu
886 1444 996 1511 concipe
1015 1459 1114 1496 curam.

386 1523 431 1576 Sic
447 1522 494 1589 ait,
513 1524 542 1575 et
559 1520 671 1589 paribus
690 1521 848 1589 Messapum
865 1520 894 1572 in
912 1519 1016 1588 proelia
1034 1518 1115 1572 dictis
1203 1533 1239 1570 aar

386 1599 525 1652 Hortatur
542 1597 683 1666 sociosque
701 1596 793 1664 duces,
809 1599 839 1649 et
856 1596 947 1664 pergit
964 1596 992 1647 in
1009 1594 1124 1647 hostem.

386 1674 438 1728 Est
455 1690 537 1726 curvo
555 1673 680 1726 anfractu
697 1671 789 1738 valles,
807 1672 985 1724 adcommoda
1001 1670 1090 1724 fraudi

387 1753 591 1817 Armorumque
608 1748 685 1813 dolis,
704 1764 785 1816 quam
803 1746 897 1800 densis
913 1745 1055 1798 frondibus
1071 1749 1162 1798 atrum
1271 1786 1273 1793 .

386 1825 498 1892 Urguet
515 1824 655 1892 utrimque
672 1822 752 1890 latus,
770 1822 860 1876 tenuis
878 1837 932 1890 quo
950 1821 1048 1874 semita
1065 1821 1141 1875 ducit

388 1902 586 1969 Angustaeque
603 1900 697 1953 lerunt
714 1899 806 1953 fauces
824 1896 970 1965 aditusque
988 1897 1105 1965 maligni.
1202 1912 1238 1951 525

387 1976 470 2030 Hane
488 1992 570 2044 super
588 1975 616 2028 in
635 1974 751 2043 speculis
771 1989 930 2041 summoque
947 1972 975 2025 in
993 1972 1096 2027 vertice
1113 1973 1215 2028 montis

387 2052 519 2106 Planities
537 2052 631 2120 ignota
648 2050 727 2117 iacet,
746 2049 855 2119 tutique
873 2065 1004 2117 recessus,

387 2128 446 2183 Seu
463 2127 563 2181 dextra
580 2126 712 2195 laevaque
730 2126 796 2179 velis
815 2142 957 2179 occurrere
974 2140 1089 2194 pugnae,

387 2203 452 2257 Sive
469 2202 573 2256 instare
591 2202 663 2270 iugis
681 2204 711 2255 et
727 2201 844 2270 grandia
861 2201 969 2255 volvero
987 2217 1058 2254 saxa.

387 2280 452 2333 Huc
470 2279 575 2333 iuvenis
593 2281 659 2331 nota
676 2277 765 2331 fertur
783 2277 894 2343 regione
911 2277 1023 2341 ramma,
1203 2289 1239 2330 aaa

390 2354 571 2423 Arripuitque
588 2353 677 2407 locum
695 2355 725 2406 et
742 2352 818 2406 silvis
834 2350 936 2404 insedit
952 2350 1058 2417 iniquis.

423 2429 552 2484 Velocem
570 2429 677 2483 interea
695 2429 800 2497 superis
818 2428 847 2481 iu
864 2426 976 2480 sedibus
993 2425 1082 2493 Opim,

386 2504 479 2558 Unam
497 2520 532 2557 ex
550 2501 701 2571 virginibus
719 2503 798 2556 sociis
816 2517 946 2569 sacraque
963 2504 1080 2567 caterva,

387 2580 579 2649 Compellabat
597 2582 626 2634 et
642 2579 692 2633 has
710 2579 800 2633 tristis
818 2578 934 2632 Iratonia
952 2594 1031 2631 voees

386 2656 444 2709 Ore
462 2654 560 2711 dabat:
579 2655 712 2711 Graditur
729 2654 832 2709 bellum
849 2654 886 2708 ad
904 2654 1013 2708 crudele
1032 2652 1152 2721 Camilla,
1204 2669 1238 2711 52⁵

387 2732 412 2785 Ο
432 2731 517 2800 virgo,
535 2735 566 2786 et
581 2731 683 2785 nostris
701 2732 868 2799 nequiquam
885 2730 1004 2799 cingitur
1021 2730 1112 2797 armis,

387 2808 460 2861 Cara
476 2807 544 2860 mihi
562 2810 627 2862 ante
644 2806 719 2861 alias.
755 2807 855 2877 Neque
873 2807 944 2861 enim
962 2823 1048 2860 novus
1064 2806 1117 2860 istc
1136 2806 1239 2859 Dianae

387 2882 476 2937 Venit
493 2899 577 2949 amor,
596 2882 743 2952 subitaque
760 2884 880 2938 animum
899 2883 1044 2937 dulcedine
1061 2884 1154 2935 morit.

387 2959 488 3013 Pulsus
506 2958 542 3012 ob
558 2959 689 3012 invidiam
706 2975 790 3027 regno
807 2960 929 3029 virisque
947 2957 1078 3026 superbas

387 3035 520 3089 Priverno
539 3034 654 3103 antiqua
671 3034 801 3089 Metabus
819 3051 880 3088 cum
898 3033 1045 3088 excederet
1063 3032 1139 3097 urbe,
1203 3047 1240 3085 nro

388 3110 527 3165 Infantem
544 3109 652 3178 fugiens
669 3110 762 3165 media
778 3111 853 3165 inter
868 3109 972 3179 proelia
989 3107 1055 3162 belli

387 3185 507 3241 Sustulit
524 3186 620 3239 exsilio
637 3186 774 3253 comitem,
792 3186 944 3255 matrisque
960 3184 1068 3237 vocarit

387 3261 506 3317 Nomine
524 3261 676 3332 Casmillae,
693 3265 800 3317 mutata
817 3265 904 3331 parte,
922 3258 1072 3315 Camillam.

388 3338 454 3407 lpse
472 3336 533 3390 sinu
549 3354 617 3407 prae
635 3353 665 3391 se
682 3341 795 3406 portans
812 3338 876 3405 iuga
892 3336 974 3404 longa
990 3333 1105 3402 petebat

387 3414 512 3469 Solorum
529 3430 686 3483 nemornm3
704 3414 762 3470 tela
778 3413 906 3486 undique
923 3428 1011 3468 saeua
1025 3408 1212 3480 premebam,
1222 3418 1266 3453 un

376 3488 417 3541 Et
432 3477 597 3546 steumsuso
617 3493 779 3551 volitabant
797 3493 895 3550 milite
907 3489 1026 3547 Volsci.
1241 3493 1243 3495 ’

364 3560 446 3629 Em,
464 3564 552 3632 fugae
569 3570 676 3644 medio,
698 3576 827 3633 summis
850 3575 1027 3631 Amasenus
1043 3554 1209 3619 ananum
