3242 4159
758 450 802 474 AB·
832 450 843 472 V
852 450 907 476 lu.

339 506 461 573 grediens,
479 506 612 573 varioque
626 505 697 558 viam
715 522 840 559 sermone
858 506 973 561 levabat

339 586 411 635 ratur
428 582 569 650 facilisque
587 583 679 644 oeulos
696 583 752 636 fert
769 584 859 636 omnia
877 584 978 637 circum
1100 596 1144 644 ,olo

339 676 410 724 neas,
428 659 588 727 capiturque
607 659 679 727 locis,
698 663 727 712 et
746 659 851 725 singula
869 659 958 712 laetus

339 735 473 803 quiritque
491 734 623 802 auditque
642 735 731 787 virum
749 739 927 788 monumenta
944 734 1075 803 priorum.

339 829 359 863 n
377 828 427 864 rex
447 810 590 863 Euandrus
610 811 749 864 Romanae
768 810 892 865 conditor
910 811 993 865 arcis:

339 904 369 940 ec
387 904 498 940 nemora
515 886 660 953 indigenae
680 887 766 939 Fauni
786 887 984 956 Nymphaeque
1003 884 1143 954 tenebant,

339 980 419 1032 ,isque
437 963 525 1015 virum
543 964 647 1016 truncis
666 967 695 1017 et
714 963 782 1015 duro
801 962 899 1017 robore
917 967 990 1029 nata,
1037 1007 1045 1028 ,
1106 976 1143 1015 315

339 1040 358 1093 is
374 1056 463 1108 neque
479 1055 538 1091 mos
553 1056 644 1107 neque
660 1039 749 1093 cultus
764 1043 831 1108 erat,
848 1057 898 1093 nec
912 1040 1026 1107 iungere
1040 1040 1143 1103 tauros,

338 1119 351 1169 t
369 1132 520 1184 conponere
539 1131 604 1183 opes
621 1118 726 1180 norant,
745 1120 793 1169 aut
811 1132 924 1183 parcere
942 1117 1028 1184 parto,

339 1191 346 1244 l
364 1192 432 1245 rami
450 1195 532 1259 atque
551 1208 630 1260 asper
648 1192 721 1244 rictu
739 1194 852 1244 venatus
870 1190 968 1244 alebat.

339 1284 399 1321 mus
416 1267 451 1320 ab
469 1268 592 1321 aetherio
610 1268 685 1320 venit
704 1268 837 1320 Saturnus
855 1266 978 1334 Olympo,

339 1360 379 1396 ma
397 1344 471 1397 loris
488 1343 594 1410 fugiens
613 1345 642 1395 et
659 1341 750 1409 reguis
768 1342 846 1395 exsul
864 1342 1005 1410 ademptis.
1090 1354 1143 1396 mo

339 1436 425 1487 genus
442 1419 556 1472 indocile
574 1435 606 1471 ac
626 1418 778 1488 dispersum
796 1418 934 1473 montibus
952 1417 1016 1471 altis

339 1496 446 1563 rposuit,
465 1495 594 1563 legesque
614 1495 698 1562 dedit,
718 1494 883 1564 Latiumque
901 1493 992 1548 vocari

339 1578 396 1646 luit,
415 1579 457 1632 his
476 1578 603 1647 quoniam
622 1577 748 1630 latuisset
766 1580 843 1631 tutus
860 1579 889 1630 iu
908 1577 969 1631 oris.

339 1671 385 1707 rea
403 1672 473 1723 quae
491 1653 643 1722 perhibent,
661 1654 707 1706 illo
726 1652 776 1705 sub
795 1670 861 1721 rege
879 1654 956 1706 fuere

339 1730 415 1784 ecula:
437 1731 474 1783 sic
492 1730 599 1799 placida
617 1729 731 1797 populos
748 1730 776 1781 in
794 1745 861 1798 paee
879 1728 993 1796 regebat
999 1746 1007 1793 3
1105 1740 1142 1781 ms

339 1806 419 1859 terior
437 1805 523 1859 denec
541 1805 671 1873 paulatim
689 1820 721 1857 ac
739 1804 849 1859 decolor
867 1808 943 1859 actas

344 1881 408 1935 belli
427 1882 516 1935 rabies
535 1884 563 1933 et
581 1898 658 1934 amor
675 1881 804 1935 successit
822 1880 950 1935 habendi.

339 1977 359 2012 n
376 1975 472 2012 manus
491 1957 613 2012 Ausonia
631 1960 660 2011 et
678 1961 775 2025 gentes
793 1975 892 2013 venere
911 1958 1031 2023 Sicanae,

339 2036 403 2103 pins
421 2037 450 2087 et
467 2050 565 2087 nomen
584 2033 676 2102 posuit
695 2034 823 2089 Satnmia
840 2034 937 2100 tellus3

339 2127 357 2163 n
375 2126 454 2177 reges
473 2127 606 2178 asperque
623 2111 724 2163 inmani
742 2126 856 2180 corpore
874 2110 996 2179 Thybris,
1103 2120 1140 2161 seo

339 2203 390 2255 quo
407 2189 470 2254 post
489 2186 553 2239 Itali
572 2186 682 2239 fluvium
700 2188 860 2254 cognomine
878 2185 1006 2254 Thybrim

339 2263 429 2326 :imus3
451 2262 542 2316 amisit
560 2279 654 2315 verum
672 2267 750 2315 vetus
769 2262 871 2315 Albula
888 2277 993 2314 nomen.

355 2338 460 2405 pulsum
480 2338 569 2406 patria
587 2338 732 2407 pelagique
751 2342 875 2391 extrema
893 2338 1054 2404 sequentem

339 2416 412 2467 tuna
430 2415 601 2483 omnipotens
621 2418 650 2467 et
668 2412 842 2467 ineluctabile
859 2414 945 2466 iatum

339 2506 343 2541 ι
361 2507 477 2558 posuere
495 2490 567 2555 locis,
586 2490 737 2557 matrisque
755 2505 837 2558 egere
855 2487 1000 2542 tremenda
1101 2500 1139 2542 sss

339 2566 443 2619 mentis
462 2566 604 2635 Nymphae
623 2566 726 2619 monita
744 2569 773 2620 et
791 2565 860 2619 deus
877 2567 973 2618 auctor
990 2562 1098 2633 Apollo.

339 2659 344 2695 :
362 2659 394 2696 ea
412 2641 497 2696 dicta:
520 2642 617 2696 dehinc
634 2658 795 2711 progressus
813 2644 950 2695 monstrat
966 2644 996 2694 et
1013 2656 1089 2695 mam

345 2718 545 2772 Carmentalem
566 2719 682 2772 Romani
700 2720 806 2790 nornine
825 2722 931 2787 portum

339 2811 377 2848 rm
387 2799 546 2861 memorant,
557 2795 699 2863 Nymphae
709 2795 829 2864 priscum
839 2793 992 2848 Carmentis
1000 2793 1138 2861 honorem,

339 2871 370 2923 tis
388 2871 522 2938 fatidicae,
542 2870 640 2923 cecinit
658 2888 728 2938 qnae
746 2871 834 2938 prima
852 2869 960 2923 futuros
1101 2882 1139 2922 oso

339 2948 435 3000 neadas
453 2963 565 3015 magnos
584 2950 613 3000 et
630 2946 720 3000 nobile
739 2946 917 2999 Pallanteum.

339 3040 362 3076 re
380 3023 470 3076 lucum
488 3023 635 3090 ingentem,
653 3039 735 3091 quem
754 3021 886 3073 Romulus
903 3036 966 3074 acer
983 3017 1099 3086 Asylum

339 3099 410 3153 sulit
429 3103 456 3153 et
475 3098 566 3166 gelida
583 3100 718 3152 monstrat
737 3096 788 3150 sub
806 3112 875 3164 rupe
893 3093 1035 3163 Lupercal,

339 3175 434 3228 ‘thasio
453 3175 556 3228 dictum
576 3175 664 3227 Panos
682 3174 717 3227 de
735 3189 811 3225 more
829 3170 933 3240 Lycaei.

339 3268 419 3304 rnen
438 3254 467 3304 ct
485 3252 553 3304 sacri
571 3253 706 3304 monstrat
723 3265 819 3303 nemus
838 3245 965 3315 Argileti,
1101 3258 1139 3300 sla

339 3331 471 3396 tatnrquc
488 3326 584 3397 locum,
603 3330 632 3382 et
649 3327 740 3383 letum
757 3322 981 3392 docethospit'ss
999 3318 1081 3383 m}

339 3403 408 3456 ead
429 3404 575 3505 Tarpqiam
596 3407 696 3463 sedem
714 3410 747 3464 et
767 3401 918 3505 (temtabo
932 3394 1039 3505 {¹15¹}st

339 3492 365 3505 aa
386 3494 461 3505 mm„
493 3483 554 3505 ..”...
586 3486 615 3505 ,Ἰ
675 3486 720 3505 1θὶ
764 3502 769 3504 .
818 3481 872 3505 -..Δ
899 3494 915 3505 ι.
956 3489 978 3505 n
