3242 4159
391 525 442 578 204
630 525 661 576 P.
680 523 834 575 VERGILI
850 518 1017 575 MARONIS

391 608 461 662 Illae
479 610 577 674 autem,
594 606 706 675 paribus
723 621 791 673 quas
805 606 912 673 luigero
927 607 1017 659 cernis
1033 607 1063 661 in
1079 611 1171 680 armis,

391 684 547 739 Concordes
565 683 670 736 animae
686 698 757 735 nunc
775 685 804 735 et
821 682 888 735 dum
904 685 985 737 nocte
1000 692 1172 756 premuntur,

392 762 457 815 Heu
475 763 607 828 quantum
623 759 697 812 inter
713 774 743 811 ae
761 757 870 827 bellum,
889 760 912 813 si
929 759 1031 813 lumina
1047 762 1124 818 vitae

393 836 555 903 Attigerint,
574 838 690 903 quantas
708 835 781 887 acies
799 837 976 904 stragemque
993 836 1121 894 ciebunt!

392 911 548 979 Aggeribus
566 926 642 963 socer
662 910 771 978 Alpinis
789 913 874 979 atque
891 928 956 965 arce
972 912 1100 968 Monoeci
1214 931 1250 971 a»

392 987 575 1053 Descendens,
593 1002 678 1054 gener
696 985 818 1040 adversis
836 987 986 1041 instructus
1004 988 1077 1043 Eois.

393 1064 443 1131 Ne,
461 1065 545 1132 pueri,
563 1079 598 1115 ne
616 1066 693 1115 tanta
711 1063 807 1115 animis
826 1063 980 1117 adsuescite
997 1064 1078 1132 bellu,

393 1140 455 1193 Neu
473 1140 578 1208 patriae
596 1138 699 1191 validas
716 1139 744 1191 in
763 1139 867 1192 viscera
884 1140 984 1193 vertite
1000 1141 1081 1207 riris;

393 1216 488 1284 Tuque
505 1216 586 1283 prior,
605 1218 637 1268 tu
654 1231 742 1282 parce,
761 1229 848 1282 genus
867 1215 914 1283 qui
933 1215 1009 1268 ducis
1026 1216 1153 1286 Olympo,

394 1291 498 1346 Proiice
517 1292 573 1345 tela
591 1308 679 1354 manu,
700 1291 809 1358 sanguis
829 1307 905 1343 meus
915 1293 958 1343 l-
1000 1307 1010 1325 ⁸
1214 1308 1252 1347 ms

394 1367 445 1421 llle
461 1369 630 1435 ,triumphata
650 1367 783 1435 Capitolia
801 1367 910 1420 adalta
929 1366 1062 1420 Corintho

394 1444 489 1496 Victor
507 1447 571 1509 aget
589 1460 704 1509 cunum,
724 1442 810 1495 caesis
828 1442 940 1509 insignis
958 1442 1078 1496 Achivis.

394 1516 479 1572 Ihuet
496 1519 543 1571 illc
561 1520 652 1585 Argos
672 1518 959 1585 Agamemnoniasque
976 1517 1113 1586 Mycenas,

394 1591 541 1663 Ipsumque
561 1593 707 1659 Aeaciden,
725 1610 813 1659 genus
832 1594 1021 1661 amnipotentis
1039 1593 1152 1662 Achilli,

393 1669 474 1724 Ultus
492 1687 555 1724 avos
574 1670 676 1734 Troiae,
696 1668 800 1736 templa
818 1672 848 1722 et
866 1671 1000 1722 temerata
1018 1669 1169 1725 Minervae
1213 1688 1258 1727 eso-

393 1748 460 1813 Quis
472 1748 616 1814 te,‘magne
630 1747 704 1810 Cato,
723 1746 845 1810 tacitum,
864 1748 912 1798 aut
929 1748 965 1810 te,
982 1746 1074 1813 Gosse,
1091 1746 1250 1815 relinquatl

394 1820 459 1885 Quis
478 1824 593 1876 Gracchi
610 1838 704 1890 genus,
722 1826 770 1875 aut
789 1822 918 1888 geminos,
937 1821 992 1873 duo
1009 1821 1124 1874 fulmina
1142 1822 1215 1889 belli,

393 1896 545 1965 Scipiadas,
558 1898 664 1951 cladem
677 1897 792 1975 ,Libyae
811 1912 948 1965 parvoque
965 1900 1106 1965 potentem

393 1971 554 2040 Fabricium,
573 1974 616 2026 vel
634 1975 664 2026 te
682 1973 763 2036 sulco,
783 1972 907 2037 Serrano,
926 1974 1083 2027 serentem?

393 2046 452 2111 Quo
469 2047 570 2100 fessum
589 2048 692 2115 rapitis,
713 2046 808 2101 Fabiii
827 2051 858 2100 tu
876 2047 1022 2101 Maxumus
1038 2048 1087 2101 ille
1104 2064 1143 2117 es,
1211 2064 1249 2105 ⁸4⁵

391 2122 469 2175 Unus
488 2122 535 2189 qui
552 2122 629 2174 nobis
648 2122 800 2175 cunctando
819 2123 942 2176 restituis
959 2139 1024 2176 rem.

392 2197 536 2250 Excudent
555 2198 600 2250 alii
619 2198 750 2266 spirantia
766 2198 874 2250 mollius
892 2215 962 2263 acra,

391 2273 481 2326 Credo
499 2273 634 2342 equidem,
652 2274 725 2326 vivos
744 2273 846 2327 ducent
864 2274 899 2326 de
916 2291 1051 2327 marmore
1069 2275 1167 2341 voltus

392 2348 518 2403 Orabunt
536 2366 643 2403 caussas
661 2350 764 2416 melius,
783 2350 905 2417 caelique
923 2353 1028 2403 meatus

392 2424 553 2480 Describent
571 2426 647 2480 radio
666 2429 695 2479 et
713 2424 853 2493 surgentia
871 2425 960 2478 sidera
978 2425 1084 2481 dicent:
1210 2442 1248 2481 eso

392 2502 432 2554 Tu
451 2519 546 2569 regere
564 2502 668 2570 inperio
686 2502 804 2570 populos,
825 2500 955 2567 Romane,
972 2505 1125 2568 memento;

392 2577 454 2630 Hae
472 2577 523 2630 tibi
542 2582 623 2630 erunt
641 2577 875 2645 artes3'pacisque
893 2577 1022 2644 inponere
1039 2594 1153 2646 morem,

392 2652 509 2705 Parcere
527 2651 662 2717 subiectis,
682 2657 710 2707 ct
728 2653 866 2707 debellare
885 2653 1021 2721 superbos.

427 2727 470 2780 Sic
487 2730 567 2794 pater
586 2729 724 2792 Anchises,
743 2732 827 2795 atquc
844 2728 912 2782 haec
929 2728 1092 2782 mirantibus
1109 2730 1205 2786 addit:

393 2802 500 2870 Aspice,
519 2805 551 2853 ut
565 2801 679 2868 insignis
697 2804 790 2870 spoliis
808 2804 955 2858 Marcellus
973 2804 1069 2872 opimis
1210 2821 1248 2860 ms

393 2877 558 2946 Ingreditur,
577 2877 716 2946 victorque
734 2880 806 2933 viros
826 2881 1011 2948 supereminet
1028 2881 1129 2935 omnis!

393 2954 448 3008 Hic
462 2971 520 3007 rem
540 2952 697 3019 Romanam,
717 2972 816 3023 magno
836 2956 965 3010 turbante
983 2956 1112 3023 tumultu,

393 3030 485 3100 Sistet,
503 3047 586 3099 eques
605 3034 710 3084 sternet
730 3032 835 3087 Poenos
854 3032 1017 3101 Gallumque
1035 3032 1174 3098 rebellem,

393 3107 540 3176 Tertiaque
556 3124 633 3161 arma
649 3108 721 3177 patri
740 3110 890 3177 suspendet
909 3112 989 3178 capta
1007 3108 1129 3173 Quirino,

393 3184 487 3251 Atque
505 3184 549 3237 hio
567 3187 690 3251 Aeneas3
707 3202 762 3238 una
779 3201 897 3254 namque
915 3184 956 3237 ire
973 3184 1087 3237 ridebat
1211 3196 1249 3235 am

393 3258 541 3327 Egregium
557 3261 644 3314 forma
660 3262 785 3314 iuvenem
803 3264 833 3314 et
850 3260 1017 3326 mlgentibus
1035 3259 1126 3326 armis,

392 3333 449 3387 Sed
466 3335 540 3388 frons
556 3337 629 3389 laeta
646 3353 751 3404 parum,
769 3340 798 3391 et
817 3336 922 3390 deiecto
941 3336 1042 3389 lumina
1059 3334 1149 3387 voltu:

387 3410 458 3478 Quis,
476 3414 566 3482 pater,
584 3413 640 3482 ille,
659 3414 750 3469 virum
769 3412 819 3484 qui
834 3413 875 3466 sic
891 3412 1037 3478 comitatur
1055 3411 1184 3480 eunteml

367 3486 468 3558 mlius,
487 3508 565 3548 anne
583 3494 691 3566 aliquis
711 3508 820 3562 magna
836 3491 874 3543 de
893 3489 983 3554 stirpe
996 3482 1164 3561 nepotulum·
1204 3548 1212 3559 x

359 3563 428 3631 Quis
439 3572 592 3642 strepitus
615 3575 697 3632 eirca
716 3570 875 3628 comitum*⁸
896 3562 1038 3631 qnantum
1050 3555 1142 3603 ‘mim
1158 3548 1288 3609 ww*
