3242 4159
640 507 829 576 nunninus
844 527 914 577 urs.
933 527 984 579 xr.
1148 512 1153 521 “
1192 530 1242 585 aar

383 607 526 679 Oppetiit;
549 605 685 662 devinam
705 608 802 662 Asiam
822 607 947 662 subsedit
965 608 1082 666 adulter.

384 684 523 738 Invidisse
543 684 617 751 deos,
638 683 735 751 patriis
754 687 786 738 ut
804 684 933 737 redditus
952 686 1007 740 aris
1105 738 1107 742 .

385 760 549 828 Coniugium
562 763 687 828 optatum
700 763 729 813 et
738 760 881 828 pulchram
895 761 1033 829 Calydona
1044 762 1185 818 viderem?
1205 778 1241 819 avo

385 837 466 890 Nunc
483 836 567 889 etiam
584 835 708 888 horribili
726 836 786 889 visu
804 839 936 905 portenta
954 842 1115 906 sequuntur,

385 912 423 966 Et
440 912 506 965 socii
524 912 616 965 amissi
634 912 777 979 petierunt
795 913 908 967 aethera
925 915 1023 981 pennis

386 988 612 1056 Fluminibusque
628 990 764 1055 vagantur
781 989 936 1043 aves-hen
954 990 1014 1043 dim
1032 1007 1154 1044 meorum

385 1064 601 1133 Supplicial-et
619 1064 742 1132 scopulos
760 1064 910 1119 lacrimosis
927 1066 1038 1120 vocibus
1054 1066 1168 1135 inplent.

385 1140 464 1194 Haec
482 1140 550 1193 adeo
569 1157 603 1193 ex
621 1140 667 1192 illo
685 1140 751 1193 mihi
769 1139 825 1213 iam
843 1142 979 1211 speranda
995 1142 1107 1197 fuerunt
1207 1156 1243 1198 275

385 1217 527 1284 Tempore,
546 1233 607 1270 curn
625 1216 700 1269 ferro
718 1216 848 1270 caelestia
864 1233 978 1286 corpora
995 1218 1110 1272 demens

387 1292 501 1362 Adpetii
519 1295 549 1346 et
567 1292 684 1346 Veneris
702 1292 801 1346 violavi
819 1293 930 1347 volnere
948 1293 1083 1347 dextram.

385 1368 412 1421 N
414 1386 430 1421 e
447 1385 520 1435 vero,
538 1385 573 1422 ne
590 1384 635 1422 me
653 1368 690 1421 ad
707 1369 771 1422 talis
788 1368 912 1437 inpellite
929 1385 1043 1437 pugnas.

385 1445 412 1497 N
414 1461 446 1497 ec
463 1444 529 1497 mihi
547 1460 609 1497 cum
628 1444 740 1497 Teucris
757 1444 844 1497 ullum
861 1448 925 1512 post
943 1447 1023 1498 eruta
1039 1444 1142 1498 bellum

386 1520 537 1587 Pergama;
554 1536 605 1573 nec
623 1523 747 1573 veterum
764 1519 876 1574 memini
894 1521 1015 1576 laetorve
1032 1520 1172 1575 malorum.
1205 1536 1243 1575 aso

385 1596 510 1663 Munera,
530 1612 601 1664 quae
618 1595 715 1663 patriis
733 1594 770 1649 ad
787 1611 833 1650 me
849 1597 968 1664 portatis
986 1596 1022 1651 ab
1039 1597 1103 1665 oris,

386 1672 497 1725 Vertite
514 1671 557 1729 ad
569 1673 690 1725 Aenean.
726 1672 860 1727 Stetimus
881 1672 938 1727 tela
955 1690 1052 1741 aspera
1069 1675 1171 1739 contra,

386 1748 613 1815 (lentulimusque
631 1764 740 1802 manus:
760 1752 875 1816 experto
892 1748 1005 1817 credite,
1023 1752 1142 1817 quantus

385 1824 422 1877 In
439 1823 556 1892 clipeum
574 1823 713 1891 adsurgat,
733 1840 787 1892 quo
805 1822 916 1878 turbine
934 1827 1064 1894 torqueat
1080 1824 1195 1878 hastam.

385 1901 415 1954 Si
433 1900 489 1954 duo
506 1902 651 1968 praeterea
669 1900 732 1953 talis
752 1900 837 1963 Idaea
855 1900 965 1954 tulisset
1205 1915 1243 1954 ass

385 1976 469 2029 Terra
486 1976 565 2043 viros,
584 1976 657 2042 ultro
677 1976 802 2029 Inachias
819 1977 940 2031 venisset
957 1976 994 2030 ad
1011 1976 1093 2030 urbes

357 2111 360 2118 ,
386 2051 539 2119 Dardanus,
556 2055 586 2105 et
603 2052 690 2105 versis
707 2051 816 2119 lugeret
834 2052 949 2107 Graecia
966 2053 1038 2107 fatis.

387 2126 528 2195 Quidquid
545 2128 619 2196 apud
637 2128 723 2181 durae
741 2132 878 2182 cessatum
895 2133 939 2183 est
955 2129 1062 2183 moenia
1080 2128 1184 2196 Troiae,

387 2203 517 2257 Hectoris
535 2205 702 2271 Aeneaeque
719 2220 802 2257 manu
820 2204 934 2258 victoria
951 2204 1065 2258 Graium

387 2278 488 2333 Haesit
500 2283 535 2333 et
552 2280 581 2332 in
599 2280 746 2334 decumum
763 2280 881 2347 vestigia
897 2280 1007 2333 rettulit
1024 2295 1131 2334 annum.
1206 2295 1243 2335 aso

387 2355 480 2408 Ambe
497 2356 601 2424 animis,
619 2355 699 2409 ambo
717 2356 836 2424 insignes
854 2354 1063 2424 praestantibus¹
1075 2354 1173 2422 armis3

387 2430 443 2485 Hic
460 2432 564 2499 pietate
581 2431 663 2500 prior.
700 2431 804 2485 Coeant
821 2432 850 2484 in
868 2429 979 2484 foedera
997 2430 1120 2497 dextrae,

387 2506 449 2570 Qua
467 2506 563 2573 datur3
582 2510 626 2561 ast
644 2508 727 2561 armis
744 2508 909 2561 concurrant
926 2522 1002 2559 arma
1019 2508 1123 2560 cavete.

386 2582 424 2636 Iit
441 2598 571 2649 responsa
590 2582 670 2635 simul
688 2598 759 2651 quae
777 2582 838 2646 sint,
856 2598 907 2635 rex
924 2583 1044 2652 optume,
1062 2581 1137 2649 regis

373 2657 510 2725 Audisti,
525 2661 554 2711 et
572 2675 643 2727 quae
661 2658 698 2712 sit
716 2673 815 2725 magno
833 2657 970 2711 sententia
987 2655 1067 2710 bello.
1207 2673 1243 2712 aas

423 2733 478 2786 vix
496 2750 529 2787 ea
546 2733 644 2801 legati:
662 2734 808 2801 variusque
826 2749 877 2801 per
894 2748 944 2787 ora
960 2732 1081 2787 cucurrit

388 2809 561 2863 Ausonidum
578 2808 690 2863 turbata
707 2809 824 2875 fremor3
845 2825 897 2863 ceu
914 2825 981 2863 saxa
997 2810 1140 2863 morantur

387 2885 457 2938 Cum
475 2885 587 2953 rapidos
604 2884 698 2950 amnis,
715 2884 748 2938 fit
768 2885 860 2938 clauso
873 2885 988 2953 gurgite
1005 2901 1135 2950 murmur,

386 2960 556 3029 Vicinaeque
573 2960 693 3014 fremunt
711 2961 787 3029 ripae
804 2959 1004 3028 crepitantibus
1021 2959 1110 3013 undis.

380 3036 429 3089 ·Ut
445 3036 565 3104 primum
581 3036 682 3104 placati
701 3035 791 3104 animi,
809 3037 840 3089 et
857 3034 967 3102 trepida
983 3050 1031 3087 ora
1049 3034 1186 3103 quierunt,
1207 3050 1245 3087 eoo

387 3111 533 3164 Praefatus
551 3112 629 3164 divos
647 3111 715 3164 solio
733 3127 782 3165 rex
800 3110 863 3164 infit
879 3108 915 3162 ab
932 3108 1003 3164 alto:

424 3188 499 3240 Ante
517 3186 646 3255 equidem
664 3202 769 3240 summa
787 3186 823 3239 de
841 3202 872 3239 re
889 3185 1026 3250 statuisse,
1046 3184 1145 3251 Latini,

387 3262 426 3317 Et
443 3262 548 3330 vellem,
566 3265 596 3317 et
612 3262 704 3316 fuerat
721 3262 835 3329 melius3
852 3277 906 3314 non
924 3263 1049 3328 tempore
1066 3259 1117 3313 tali

387 3338 494 3407 (legere
512 3338 662 3405 concilium,
678 3353 740 3390 cum
757 3353 851 3391 muros
869 3336 978 3391 adsidet
995 3336 1090 3390 hostis

387 3414 496 3469 Bellum
513 3414 698 3480 inportunum,
717 3412 799 3483 cives,
818 3416 987 3483 cumgente
1005 3412 1127 3466 deorum
1220 3418 1267 3454 ”ab

376 3488 550 3555 Invictisque
568 3488 637 3543 viris
652 3490 792 3561 gerimus,
811 3508 887 3563 quos
902 3491 988 3546 nulla
1002 3488 1134 3555 latigo-ub

364 3558 395 3610 Ρ
390 3560 485 3627 10⁶5&
496 3577 553 3618 nec
570 3564 640 3622 victi
657 3570 791 3637 possunt
806 3569 965 3626 absistere
981 3568 1078 3626 terro.
