3242 4159
644 526 834 578 Buconica,
864 526 938 575 EOL.
957 522 1019 575 IX(
1215 529 1245 574 19

395 612 459 667 Has
477 610 541 664 olim
560 608 671 662 exuvias
688 607 757 661 mihi
774 607 896 677 perfidus
914 607 961 661 ille
978 596 1098 676 reliquit,

394 687 516 755 Pignora
533 701 596 738 cara
613 684 672 749 sui3
691 701 762 752 quae
779 700 851 737 nunc
869 701 920 751 ego
937 683 1030 737 limine
1046 684 1075 736 in
1092 683 1158 752 ipso,

393 764 487 828 Terra,
505 761 557 815 tibi
576 760 695 825 maud03
714 759 817 813 debent
834 759 902 813 haec
919 760 1033 827 pignora
1051 759 1194 827 Daphnim.

393 840 496 893 Ducite
508 837 544 891 ab
555 836 624 889 urbe
637 835 756 903 domum,
769 837 832 889 mea
843 836 969 903 elmuino,
982 835 1074 888 ducito
1086 836 1230 903 Daphnim.

393 916 456 969 Has
472 913 572 967 herbas
590 914 674 980 atque
692 911 759 965 haec
778 911 866 965 Ponto
884 912 950 963 mihi
967 911 1039 966 lecta
1056 929 1159 966 venena
1224 928 1248 965 ss

393 990 460 1060 Ipse
479 988 559 1043 dedit
577 988 696 1053 Moeris;
713 990 863 1041 nascuntur
879 986 997 1055 plurima
1015 988 1110 1042 Ponto.

393 1068 449 1122 His
467 1082 518 1135 ego
537 1080 618 1133 saepe
637 1064 732 1131 lupum
750 1063 810 1116 fieri
829 1066 906 1117 etse
924 1064 1041 1118 condere
1058 1064 1132 1117 siluis

392 1143 520 1210 Moerim,
539 1158 621 1210 saepe
639 1140 742 1193 ammas
759 1140 822 1192 imis
840 1140 932 1194 excire
949 1139 1110 1208 sepulchris'

393 1221 492 1289 Atque
510 1222 583 1272 satas
601 1216 654 1271 alio
671 1216 728 1270 vidi
746 1215 893 1270 traducere
910 1217 1012 1270 messis.
1224 1232 1248 1269 oo

392 1296 495 1349 Ducite
507 1294 543 1349 ab
554 1292 623 1346 urbe
637 1292 755 1359 domum,
768 1308 830 1345 mea
842 1293 967 1360 carmina,
980 1291 1072 1345 ducite
1084 1292 1227 1359 Daphnim.

392 1372 452 1426 Fer
468 1372 581 1437 cineres,
602 1368 743 1437 amarylli,
762 1369 841 1437 foras,
860 1368 974 1437 rivoque
992 1368 1087 1422 fluenti

392 1448 537 1515 Tuamque
548 1449 632 1515 caput
642 1445 700 1498 iace
709 1466 716 1510 ;
726 1461 776 1499 nec
787 1445 949 1513 respexeris.
985 1444 1039 1497 His
1051 1460 1101 1512 ego
1109 1443 1246 1513 Daphnim

393 1522 572 1592 Adgrediar;
588 1520 656 1575 nihil
673 1520 719 1575 ille
737 1520 811 1589 deos,
828 1521 867 1573 nil
884 1521 1004 1575 earmina
1021 1524 1105 1575 curat.

392 1600 495 1654 Ducite
507 1598 543 1652 ab
554 1596 623 1652 urbe
636 1598 754 1663 domum,
766 1615 828 1651 mea
840 1597 964 1662 carmina,
977 1597 1070 1651 ducite
1083 1598 1225 1667 Daphnim.

347 1701 350 1708 ·
393 1675 506 1744 Aspice,
526 1674 659 1742 corripuit
677 1674 801 1728 tremulis
820 1674 916 1727 altaria
934 1674 1049 1727 flammis
1212 1694 1248 1731 105

393 1752 499 1819 Sponte
519 1767 574 1815 sua,
593 1750 660 1804 dum
677 1751 749 1804 ferre
766 1767 866 1816 moror,
883 1750 951 1803 cinis
968 1750 1035 1817 ipsc.
1072 1751 1178 1804 Bonum
1197 1753 1246 1807 sit!

394 1828 496 1881 Nescio
516 1825 583 1895 quid
601 1830 676 1880 certe
694 1830 743 1890 est,
762 1830 791 1881 et
809 1827 900 1895 Hylax
919 1827 945 1878 in
964 1827 1056 1880 limine
1073 1827 1165 1881 latrat.

395 1902 563 1956 Credimus?
580 1918 623 1968 an,
641 1904 688 1971 qui
705 1906 805 1966 amant,
822 1902 875 1971 ipsi
893 1902 944 1956 sibi
963 1903 1068 1957 somnia
1085 1904 1212 1973 fingunti

394 1978 516 2047 Parcite,
527 1976 563 2033 ab
574 1978 644 2033 urbe
655 1979 738 2046 vonit,
751 1980 813 2044 iam,
826 1980 956 2048 carmina,
964 1981 1077 2049 parcite,
1093 1980 1225 2051 Daphnis.

691 2148 880 2207 ECLOGA
906 2149 964 2207 IX.-

752 2255 897 2305 MOERIS.

566 2375 576 2412 ἵ
689 2356 810 2397 uicinas.
845 2359 957 2403 Mosam.

394 2429 432 2484 L.
451 2427 513 2493 Quo
525 2430 562 2496 te,
575 2426 671 2491 Moeri,
684 2426 785 2495 pedesi
798 2443 840 2491 an,
852 2443 907 2495 quo
919 2428 963 2479 via
975 2428 1059 2491 ducit,
1073 2427 1100 2481 in
1112 2428 1230 2485 urbemi

394 2504 440 2558 Μ.
460 2504 484 2557 0
503 2502 612 2571 Lycida,
630 2502 683 2555 vivi
701 2503 881 2571 pervenimus,
899 2502 1004 2555 advena
1020 2505 1114 2571 nostri,

395 2578 480 2644 Quod
497 2594 646 2647 numquam
664 2578 743 2632 veriti
761 2594 862 2645 sumus,
878 2581 910 2631 ut
928 2595 1067 2647 possessor
1084 2581 1162 2648 agelli

395 2655 526 2709 Diceret:
545 2654 622 2709 Haec
639 2671 701 2708 mea
717 2658 799 2720 sunt;
816 2663 923 2707 veteres
940 2655 1057 2723 migrate
1074 2656 1169 2711 coloni.

395 2732 480 2786 Nunc
496 2731 569 2798 victi,
587 2731 690 2798 tristes,
709 2732 835 2799 quoniam
855 2731 923 2783 Fors
941 2733 1031 2786 omnia
1048 2736 1147 2801 versat,
1237 2750 1250 2788 s

396 2808 461 2862 Hos
477 2806 624 2875 illi-quod
640 2822 691 2860 nec
709 2810 799 2859 vertat
817 2807 1055 2862 bene-mittimus
1072 2809 1180 2863 haedos.

394 2883 432 2939 L.
450 2884 535 2937 Certe
554 2883 681 2951 equidem
700 2883 848 2955 audieram,
868 2902 922 2953 qua
940 2902 969 2938 se
988 2886 1139 2939 subducere
1156 2885 1238 2938 colles

397 2959 548 3029 Incipiunt,
568 2959 697 3028 mollique
715 2961 808 3028 iugum
829 2961 975 3015 demittere
993 2962 1069 3027 clivo,

395 3035 495 3106 Usque
507 3035 544 3089 ad
556 3053 655 3104 aquam
668 3040 697 3089 et
709 3038 817 3104 veteris,
829 3037 883 3090 iam
895 3037 983 3091 fracta
993 3038 1138 3103 cacumina,
1149 3038 1225 3102 fagos

397 3112 499 3166 Omnia
516 3112 682 3167 carminibus
699 3117 822 3167 vestrum
839 3131 962 3168 servasse
980 3113 1128 3167 Menalcan.
1226 3125 1251 3163 ro

396 3188 441 3242 Μ.
461 3189 608 3256 Audieras,
629 3193 658 3242 et
676 3189 748 3242 fama
765 3189 836 3255 iuit3
854 3192 904 3245 sed
921 3191 1040 3245 carmina
1058 3190 1163 3239 tantum

396 3265 504 3319 Nostra
521 3266 620 3332 valent,
640 3266 748 3334 Lycida,
766 3268 824 3321 tela
841 3269 914 3321 inter
932 3266 1042 3331 Martia,
1058 3267 1193 3331 quantum

397 3340 534 3394 Chaonias
550 3340 644 3397 ficunt
660 3344 753 3412 aquila
772 3345 903 3401 veniente
922 3342 1077 3399 columbas.

388 3413 538 3496 Quodnisi
552 3432 598 3468 me
617 3435 795 3491 quacumque
813 3438 905 3478 novas
924 3421 1057 3477 incidere
1073 3418 1150 3474 ntes

373 3486 452 3537 Ante
465 3487 580 3541 sinistra
599 3508 669 3547 cara
688 3500 858 3559 monuisset
875 3502 918 3559 ab
938 3502 1010 3559 ilice
1028 3497 1150 3566 cornu,

363 3553 506 3673 ,versinus
522 3562 572 3621 111'0
589 3566 710 3641 Μοθήθ,
733 3594 791 3636 nec
812 3582 940 3641 viveret
956 3583 1031 3655 ipse
1046 3574 1230 3637 Meuanas·
