3242 4159
631 524 840 575 GEORGICON
858 522 928 572 LIB.
946 522 994 572 IV.
1203 523 1234 571 73

373 611 486 669 Sideris
501 609 530 663 in
546 623 689 663 numerum
705 608 790 675 atquo
806 604 863 659 alto
881 602 1123 658 suocederecaelo.
1169 597 1181 624 ²

415 684 575 755 Siquando
593 683 686 737 sedem
704 684 849 750 angustam
868 685 1027 749 servataque
1044 679 1208 734 mella**

375 763 528 818 Thesauris
545 761 652 828 reliana,
670 760 745 829 prius
763 758 864 812 haustu
882 774 991 827 sparsus
1009 773 1139 824 aquarum

376 839 526 905 Oratore,
543 837 686 904 firmosque
703 853 784 890 manu
802 834 954 903 praetende
972 833 1101 902 sequacis.
1199 844 1236 885 aaa

377 916 431 970 Bis
449 912 577 983 gravidos
595 914 695 979 cogunt
712 912 792 978 fetus,
812 912 867 964 duo
884 914 1007 979 tempora
1024 908 1127 975 messis,

378 992 503 1060 Taygete
521 988 600 1042 simul
618 1005 647 1041 os
666 988 748 1042 terris
766 987 888 1041 ostendit
906 986 1051 1039 honestum

379 1067 458 1121 Plias
475 1068 504 1119 et
522 1064 622 1138 Oceani
641 1067 747 1131 spretos
764 1063 836 1131 pede
854 1063 974 1132 reppulit
991 1063 1085 1130 amnis,

381 1145 445 1197 Aut
462 1141 558 1195 eadem
576 1140 651 1193 sidus
667 1140 774 1207 fugiens
791 1138 839 1192 ubi
856 1138 941 1191 Piscis
959 1139 1052 1207 aquosi

380 1217 499 1271 Tristior
515 1216 644 1270 hibernas
661 1216 735 1270 eaelo
754 1215 896 1269 descendit
913 1215 942 1268 in
958 1214 1053 1268 undas.

381 1293 445 1348 Illis
461 1293 503 1345 ira
519 1291 631 1345 modum
648 1308 730 1360 supra
748 1294 798 1357 est,
816 1291 958 1358 laesaeque
976 1306 1109 1343 venenum

381 1367 522 1423 Morsibus
539 1367 679 1435 inspirent,
698 1370 727 1421 et
745 1366 847 1435 spicula
865 1383 943 1419 caeca
960 1366 1116 1433 relinquunt

384 1444 505 1499 Adfixae
522 1444 604 1510 venis,
622 1444 778 1512 animaeque
795 1442 824 1496 in
842 1442 950 1495 volnere
968 1444 1079 1510 ponunt.

383 1521 432 1575 sin
451 1519 548 1572 duram
564 1522 672 1573 metues
689 1519 806 1573 hiemem
825 1509 974 1588 parcesque
991 1520 1084 1572 futuro

383 1596 592 1663 Oontunsosque
609 1596 713 1648 animos
730 1599 759 1648 et
776 1612 821 1649 res
839 1596 1004 1650 miserabere
1021 1596 1135 1650 fractas:

384 1673 426 1725 At
444 1672 536 1723 suffire
554 1670 647 1739 thymo
665 1687 796 1740 cerasque
814 1672 937 1724 recidere
955 1672 1041 1724 inanis

385 1747 454 1812 Quis
473 1746 597 1801 dubitet?
619 1764 682 1800 nam
701 1764 782 1815 saepe
800 1748 875 1800 faros
893 1746 1003 1814 ignotus
1020 1746 1114 1800 adedit

384 1821 483 1876 Stellio
501 1825 530 1876 et
547 1822 672 1890 lucifugis
690 1826 820 1891 congesta
837 1822 936 1875 cubilia
953 1822 1049 1875 blattis

384 1899 575 1967 Immunisque
593 1899 692 1952 sedens
709 1900 797 1952 aliena
814 1899 851 1952 ad
867 1898 967 1966 pabula
985 1899 1070 1966 fucus,

385 1975 448 2030 Aut
465 1992 545 2043 asper
560 1975 658 2038 crabro
674 1975 815 2044 inparibus
833 1993 863 2029 se
881 1976 1018 2029 inmiscuit
1034 1976 1124 2041 armis,

385 2051 447 2104 Aut
464 2050 563 2120 dirum,
580 2051 673 2119 tiniae,
690 2068 784 2119 genus,
802 2055 850 2104 aut
867 2052 954 2106 inrisa
971 2053 1112 2106 Minervae

384 2127 477 2180 Laxos
493 2127 522 2179 ia
539 2127 642 2180 foribus
660 2127 802 2196 suspendit
820 2144 920 2181 aranea
936 2145 1032 2183 casses.

385 2203 447 2267 Quo
464 2203 551 2271 magis
569 2204 718 2257 exhaustae
735 2204 843 2268 fuerint,
862 2204 913 2259 hoe
930 2206 1017 2258 acrius
1034 2220 1128 2259 omnes

385 2278 552 2332 incumbent
568 2279 677 2347 generis
695 2279 763 2349 lapsi
781 2280 880 2333 sarcire
898 2282 997 2349 ruinas,

386 2353 614 2423 Conplebuntque
631 2356 704 2408 fores
722 2358 752 2409 ct
770 2355 881 2409 floribus
898 2357 995 2410 horrca
1012 2359 1115 2409 texeat.
1203 2370 1214 2393 ⁰

421 2429 451 2484 Si
468 2446 539 2496 vero,
557 2432 683 2499 quoniam
701 2448 778 2485 casas
796 2432 892 2499 apibus
910 2449 1016 2499 quoque
1034 2434 1142 2484 nostros

386 2505 456 2560 Vita
473 2506 544 2574 tulit,
563 2508 636 2580 tristi
653 2508 823 2575 languebunt
841 2524 953 2574 camora
971 2507 1066 2560 morbo
1075 2527 1116 2571 3-

387 2581 469 2646 Quod
485 2582 539 2637 iam
557 2600 611 2637 nen
630 2584 720 2637 dubiis
736 2584 841 2653 poteris
859 2600 1021 2651 cognoscere
1040 2583 1135 2651 signis:

387 2658 523 2712 Continuo
541 2663 585 2713 est
602 2660 691 2729 aegris
710 2661 779 2714 alius
796 2661 884 2726 color;
903 2660 1015 2714 horrida
1032 2660 1136 2713 voltum

386 2734 533 2789 Deformat
549 2736 664 2802 macies;
685 2740 742 2790 tum
761 2754 875 2806 corpora
892 2737 952 2791 luce
970 2741 1110 2790 carentum

387 2810 544 2879 Expertant
561 2814 642 2866 tectis
660 2817 690 2867 et
707 2814 798 2868 tristia
815 2814 911 2867 lunera
930 2814 1048 2881 ducunt3

388 2887 450 2940 Aut
467 2886 531 2941 illae
549 2889 667 2957 pedibus
685 2906 823 2945 connexae
842 2890 878 2944 ad
895 2891 989 2945 limina
1006 2892 1136 2959 pendeat,

388 2962 540 3017 Antiates
558 2964 655 3019 clausis
673 2970 836 3020 cunctantur
853 2967 881 3020 in
900 2967 1020 3036 aedibus,
1039 2983 1131 3020 omnes

389 3039 566 3109 Ignavaeqne
583 3041 655 3095 fame
674 3046 703 3096 et
720 3047 859 3097 contracto
878 3044 978 3112 frigore
995 3044 1096 3112 pigrae.

388 3113 459 3168 'lum
477 3131 558 3169 sonus
576 3118 687 3171 auditur
704 3120 820 3187 gravior,
839 3121 1004 3189 tractimque
1023 3118 1172 3182 susurrant,
1208 3128 1243 3166 an

389 3189 521 3259 Frigidus
538 3196 570 3247 ut
587 3195 725 3263 quondam
743 3196 817 3250 silvis
834 3196 1014 3249 inmurmurat
1033 3195 1151 3256 Auster;
1184 3223 1201 3258 7

388 3265 432 3320 Ut
448 3283 525 3321 mare
543 3269 686 3325 sollicitum
705 3272 798 3326 stridit
816 3272 993 3325 refluentibus
1011 3268 1105 3333 undis;

388 3343 512 3397 Aestuat
528 3348 562 3398 ut
578 3346 676 3400 clausis
694 3347 805 3417 rapidus
824 3348 977 3401 fornacibus
995 3346 1074 3414 ignis.

389 3417 446 3471 Hic
463 3418 516 3473 iam
531 3421 681 3489 galbaneos
698 3423 822 3479 suadebo
839 3422 989 3479 incendere
1005 3421 1118 3489 odores,

377 3490 521 3556 ΜΘῘῙΜΠΘ
536 3498 700 3556 amanen
717 3501 828 3559 inferre
847 3503 1005 3573 canalibus,
1017 3503 1098 3559 ultro
1236 3505 1271 3547 Ἣ

364 3559 538 3622 fimum
556 3574 590 3644 st
606 3573 699 3634 fessas
718 3581 761 3638 ad
776 3583 894 3653 pabula
912 3588 989 3642 nota
1004 3584 1175 3641 necantem·
