3242 4159
385 533 415 581 m
611 533 640 582 P.
661 531 816 580 vuncmr
837 528 1006 595 maneum,

383 611 481 681 Eripe;
499 629 552 665 non
571 612 624 665 illis
642 614 786 681 quisquam
804 610 995 666 cunctantibus
1012 609 1100 663 altum

383 688 430 741 Ire
448 689 502 742 iter
520 692 568 741 aut
586 689 682 741 castris
700 688 814 742 audebit
831 688 933 741 vellere
950 686 1034 754 signa
1140 738 1148 755 x

383 765 505 817 Invitent
523 764 623 817 croceis
641 765 763 817 halantes
781 763 892 816 floribus
909 762 990 828 horti,

383 840 421 894 lit
438 844 529 894 eustos
546 840 636 893 furum
655 844 737 907 atque
756 840 846 892 avium
863 855 924 891 cum
942 837 1011 890 falce
1029 834 1135 901 saligna
1206 850 1242 887 no
1280 891 1283 901 Ι

383 915 598 983 Hellespontiaci
617 918 707 967 servet
725 914 813 968 tutela
832 914 931 982 Priapi.

384 992 448 1060 Ipse
465 991 589 1059 thymum
607 992 739 1060 pinosque
757 990 848 1043 ferens
867 988 1060 1043 dementibus
1077 987 1141 1041 altis

384 1067 467 1122 'lecta
486 1070 560 1120 serat
578 1067 633 1121 late
651 1067 760 1133 circum,
778 1066 821 1133 cui
838 1066 905 1119 talia
921 1081 1017 1129 curae3

384 1144 450 1212 lpse
467 1143 561 1198 labore
578 1160 687 1196 manum
707 1142 775 1195 duro
793 1145 875 1209 terat,
893 1142 952 1209 ipse
968 1140 1067 1194 feracis

384 1220 465 1287 Figat
483 1220 564 1273 humo
582 1219 689 1288 plantas
707 1222 736 1272 et
754 1219 854 1271 amicos
870 1216 972 1284 inriget
989 1214 1094 1268 imbris.
1204 1228 1240 1266 115

419 1296 514 1364 Atque
531 1296 667 1364 equidem,
685 1298 808 1348 extremo
826 1294 855 1345 ni
872 1292 926 1345 iarn
944 1291 995 1345 sub
1012 1290 1067 1343 fine
1084 1288 1210 1342 labemur

384 1370 455 1425 Vela
472 1372 579 1425 traham
598 1374 626 1425 et
644 1370 726 1425 terris
744 1370 870 1423 festinem
888 1368 1033 1421 advertere
1051 1381 1168 1433 proram,

385 1447 511 1501 Forsitan
528 1451 565 1513 ct,
583 1447 691 1515 pinguis
708 1445 803 1498 hortos
820 1461 890 1513 quae
908 1460 973 1497 cura
990 1440 1097 1496 colendi

385 1523 510 1587 Ornaret,
529 1538 661 1586 canerem,
678 1520 814 1588 biferique
831 1520 934 1573 rosaria
952 1517 1053 1584 Paesti,

385 1598 499 1665 Quoque
517 1597 598 1651 modo
615 1597 688 1666 potis
706 1596 858 1663 gauderent
875 1595 962 1649 intiba
978 1593 1043 1647 rivis
1133 1644 1136 1649 ,
1205 1605 1241 1643 iao

385 1675 423 1728 Et
440 1673 542 1728 virides
560 1674 621 1742 apio
639 1673 721 1741 ripae,
741 1675 886 1739 tortusque
904 1688 953 1738 per
969 1669 1082 1723 herbam

386 1750 528 1804 Cresceret
546 1750 574 1803 in
594 1753 716 1803 ventrem
735 1748 869 1813 cueunris3
887 1764 937 1800 nec
954 1762 1015 1799 sera
1032 1745 1187 1798 comantem

385 1826 542 1879 Narcissum
561 1830 609 1879 aut
627 1825 691 1879 flexi
709 1824 854 1877 tacuissem
872 1824 962 1876 vimen
980 1820 1088 1875 acanthi

385 1900 571 1969 Pallantisque
589 1902 705 1955 hederas
724 1904 752 1953 et
770 1899 886 1953 amantis
904 1899 984 1952 litora
1001 1900 1112 1965 myrtos.

385 1976 511 2043 Namque
530 1977 580 2030 snb
599 1976 727 2029 Oebaliae
744 1974 856 2029 memini
873 1991 918 2027 me
935 1973 1057 2028 turribus
1074 1970 1146 2039 eltis,
1205 1982 1240 2021 125

386 2052 446 2116 Qua
463 2053 540 2119 niger
558 2052 697 2105 humectat
715 2050 844 2105 flaventia
861 2051 935 2105 culta
954 2049 1093 2114 Galaesus,

386 2127 527 2195 Corycium
546 2128 646 2181 vidisse
665 2144 765 2196 senem,
783 2128 828 2179 cui
846 2143 933 2196 pauca
950 2124 1038 2178 relicti

386 2204 488 2271 Iugera
507 2203 578 2256 ruris
597 2206 683 2270 eraut,
701 2219 752 2257 nec
769 2203 867 2256 fertilis
885 2202 931 2254 illa
949 2200 1075 2271 iuvencis,

386 2279 412 2332 N
413 2296 445 2333 ee
461 2280 553 2348 pecori
572 2282 723 2349 opportuna
740 2296 826 2346 seges,
844 2294 895 2331 nec
912 2276 1055 2330 commoda
1073 2274 1188 2329 Baccho.

386 2356 441 2411 Hic
458 2373 550 2409 rarum
568 2360 659 2410 tamon
677 2356 705 2407 in
723 2355 813 2408 dumis
831 2354 891 2407 olus
908 2352 1024 2420 albaque
1041 2351 1143 2404 circum
1208 2366 1243 2405 mo

386 2432 454 2486 Lilia
472 2432 658 2502 verbenasque
676 2447 802 2501 premens
820 2445 984 2497 vescumque
1002 2443 1130 2497 papaver,

386 2508 493 2576 Regum
511 2510 647 2578 aequabat
665 2525 731 2577 opos
749 2508 853 2575 animis,
872 2522 988 2573 seraque
1006 2508 1149 2558 revertens
1173 2545 1185 2576 ,

386 2584 474 2638 Nocte
492 2586 602 2638 domum
621 2585 737 2652 dapibus
755 2601 863 2637 mensas
881 2581 1013 2636 onerabat
1029 2580 1166 2649 inemptis
1183 2603 1187 2620 =
1205 2574 1237 2636 s

386 2660 494 2712 Primus
511 2678 575 2714 vere
594 2677 683 2712 rosam
701 2664 784 2727 atquo
802 2663 932 2712 autumno
949 2673 1061 2723 carpere
1078 2672 1168 2725 poma,
1193 2641 1248 2686 Χ

387 2736 501 2789 Etcum
520 2735 608 2788 tristis
626 2735 731 2803 hiemps
750 2735 899 2789 etiamnum
916 2735 1018 2803 frigore
1035 2748 1102 2786 saxa
1209 2745 1243 2783 mc

387 2810 539 2879 Rumperet
557 2813 586 2864 et
602 2810 689 2878 glacie
708 2827 802 2863 cursus
820 2811 941 2863 frenaret
960 2825 1101 2878 aquarum,

387 2885 438 2940 llle
457 2904 561 2940 comam
579 2885 668 2940 mollis
686 2887 740 2939 iam
758 2886 892 2940 tendebat
911 2884 1055 2954 hyacinthi,

387 2965 531 3017 Aestatem
549 2963 715 3031 increpitans
734 2980 822 3017 seram
841 2963 1027 3031 zephyrosque
1045 2959 1187 3014 morantis.

388 3038 459 3108 Ergo
477 3039 574 3108 apibus
592 3040 654 3093 fetis
672 3039 746 3093 idem
764 3044 848 3109 atque
866 3039 990 3092 examine
1009 3037 1097 3090 multo

388 3115 495 3169 Primus
514 3116 654 3171 abundare
673 3120 702 3169 et
720 3117 875 3184 spumantia
892 3131 989 3182 cogere
1006 3112 1108 3182 pressis
1208 3124 1245 3164 uo

387 3184 470 3245 Mella
487 3193 570 3259 favis3
586 3193 626 3246 illi
645 3192 720 3246 tiliae
740 3197 824 3261 atque
842 3192 980 3245 uberrima
997 3189 1091 3258 pinus3

387 3267 513 3337 Quotque
532 3270 561 3322 in
579 3270 645 3322 flore
665 3285 733 3323 novo
752 3269 840 3337 pomis
858 3284 887 3321 se
905 3267 1003 3321 fertilis
1021 3264 1103 3318 arbos

388 3342 528 3411 Induerat,
547 3345 664 3399 totidem
683 3348 813 3398 autumno
831 3346 939 3398 matura
956 3341 1076 3396 tenebat.

378 3416 434 3469 Ille
451 3419 534 3473 eram
552 3438 629 3476 seras
647 3421 676 3477 in
695 3438 807 3477 versum
827 3420 939 3475 distulit
953 3419 1044 3471 druos

358 3488 550 3563 Edummque
564 3501 661 3568 pirum
683 3504 716 3557 et
734 3501 833 3573 spinos
852 3499 912 3552 iam
927 3510 1021 3565 pruna
1035 3490 1157 3542 terentis
1222 3504 1266 3538 νᾶ

345 3559 470 3668 (13qu
486 3574 722 3637 ministrantem
740 3580 903 3653 platanum
918 3566 1092 3643 potantmus
1104 3558 1234 3611 umbre».
