3242 4159
395 535 441 580 110
629 529 658 578 P.
677 527 831 575 VERGILI
847 526 1012 575 MARONIS

368 673 373 683 ,
394 611 538 680 Accipiens
556 609 674 683 sonitum
692 609 751 661 saxi
768 607 804 660 de
822 607 923 661 vertice
940 610 1040 675 pastor.

359 710 362 714 ⁴
394 689 462 742 Tum
480 702 544 740 vcro
563 686 707 738 manifesta
724 684 801 748 fidos,
822 684 1002 751 Danaumque
1019 686 1166 752 patescunt

394 764 523 818 Insidiae.
560 762 621 815 Iam
639 760 775 828 Deiphobi
795 760 873 813 dedit
891 760 981 828 ampla
997 760 1104 813 ruinam
1209 782 1245 820 310

394 841 514 893 Volcano
532 841 679 906 superante
698 837 802 904 domus,
821 838 877 890 iam
894 852 1043 904 proxumus
1060 836 1142 893 ardet

394 916 534 983 Ucalegon
540 936 547 980 ;
567 914 647 981 Sigea
665 914 722 982 igni
739 914 811 967 freta
830 914 887 967 lata
905 914 1035 968 relucent.

394 992 525 1045 Exoritur
542 992 697 1060 clamorque
716 990 804 1043 virum
823 992 988 1059 clangorque
1005 992 1143 1047 tubarum.

395 1068 482 1121 Arma
499 1084 592 1122 amens
610 1068 701 1135 capio;
719 1085 769 1121 ncc
787 1071 830 1121 sat
848 1068 960 1120 rationis
977 1068 1005 1119 in
1023 1070 1120 1135 armis3

395 1144 450 1199 Sed
461 1145 611 1212 glomerare
624 1160 734 1197 manum
745 1144 817 1197 bcllo
830 1149 859 1197 ct
871 1160 1031 1198 concurrere
1042 1146 1070 1197 in
1087 1162 1182 1199 arcem
1213 1163 1249 1202 ars

395 1221 463 1273 Cum
482 1221 560 1274 sociis
578 1219 676 1273 ardent
694 1221 791 1285 animi3
808 1219 885 1272 furor
902 1221 997 1288 iraque
1015 1224 1136 1275 mentem

396 1296 588 1366 Praecipitant,
606 1297 803 1365 pulchrumque
821 1296 890 1348 mori
908 1296 1041 1350 succurrit
1058 1297 1086 1349 in
1103 1298 1195 1352 armis.

431 1373 500 1427 Ecce
518 1376 610 1426 autem
628 1373 691 1426 tclis
711 1372 834 1425 Panthus
852 1372 959 1439 clapsus
977 1372 1119 1441 Achivom,

395 1449 518 1503 Panthus
537 1449 698 1517 Othryades,
717 1449 785 1501 arcis
805 1448 962 1518 Phoebique
980 1449 1114 1515 sacerdon,

396 1525 478 1579 Sacra
495 1542 576 1578 manu
594 1525 734 1592 victosque
753 1524 819 1577 dcos
837 1542 1006 1593 parvumque
1023 1529 1154 1595 nepotem
1213 1542 1252 1581 aso

396 1600 461 1668 Ipse
478 1601 571 1669 trahit,
589 1618 725 1669 cursuque
744 1617 838 1653 amens
856 1601 892 1653 ad
910 1602 1003 1654 limina
1020 1602 1118 1656 tendit.

397 1676 456 1740 Quo
468 1693 512 1730 res
524 1694 630 1730 summa
641 1676 707 1744 loco,
721 1675 846 1730 Panthul
865 1694 948 1746 quani
963 1677 1123 1744 prendimus
1139 1682 1252 1733 arceml

396 1754 452 1807 Vix
470 1770 502 1808 ea
521 1754 593 1807 fatus
611 1770 694 1821 eram,
712 1754 816 1820 gemitu
834 1770 895 1806 curn
913 1754 979 1807 talia
996 1753 1102 1808 reddit:

397 1830 481 1883 Venit
498 1846 603 1882 summa
621 1830 679 1882 dios
698 1833 727 1882 ct
744 1828 919 1882 ineluctabile
937 1833 1046 1898 tempus

396 1905 558 1959 Dardaniae.
596 1906 708 1958 Fuimus
727 1906 818 1973 Troos,
835 1906 888 1959 fuit
907 1906 989 1958 llium
1008 1910 1037 1960 ct
1054 1907 1152 1975 ingens
1215 1922 1254 1961 aas

397 1982 490 2036 Gloria
508 1982 686 2047 Teucrorum
705 1983 779 2035 ferus
797 1984 887 2035 omnia
907 1983 1033 2050 Iuppiter
1051 1983 1142 2051 Argos

397 2058 559 2111 Transtulit:
577 2058 687 2111 incensa
706 2059 793 2111 Danai
812 2058 988 2112 dominantur
1005 2060 1034 2112 in
1050 2059 1128 2114 urbo.

397 2134 510 2186 Arduus
528 2134 647 2185 armatos
664 2134 761 2187 modiis
778 2135 806 2186 in
823 2135 964 2187 moenibus
983 2136 1094 2189 adstans

397 2209 500 2263 Fundit
518 2225 611 2277 equus,
630 2209 770 2277 victorque
790 2211 873 2263 Sinon
892 2211 1017 2264 incendia
1033 2212 1130 2265 miscet

397 2285 543 2339 Insultans.
581 2284 671 2337 Portis
690 2285 736 2337 alii
754 2286 942 2354 bipatentibus
960 2286 1068 2354 adsunt,
1217 2304 1257 2346 sao

397 2362 475 2416 Milia
491 2365 559 2431 quot
577 2362 682 2429 magnis
700 2378 830 2429 umquam
849 2379 948 2415 venere
967 2362 1103 2429 Mycenis;

398 2439 539 2492 Obsodere
557 2438 602 2492 alii
620 2437 682 2491 telis
701 2442 817 2505 angusta
835 2439 938 2490 riarum

398 2515 537 2583 Oppositi;
555 2518 611 2568 stat
628 2514 695 2567 ferri
714 2515 785 2567 acies
803 2531 931 2567 mucrone
950 2531 1060 2568 corusco

398 2591 505 2657 Stricta,
522 2593 619 2659 parata
637 2590 710 2653 ucci;
729 2591 773 2641 vix
790 2591 872 2658 primi
890 2592 993 2658 proelia
1009 2593 1149 2658 temptant

398 2665 544 2719 Portarum
563 2665 668 2732 vigiles,
688 2668 717 2717 et
734 2682 815 2719 cacco
834 2667 926 2719 Marto
945 2667 1077 2720 resistunt
1219 2684 1257 2722 aas

398 2741 507 2795 Talibus
527 2741 686 2807 Othryadae
706 2741 786 2794 dictis
805 2746 834 2795 ct
852 2744 961 2795 numine
980 2743 1071 2796 divom

399 2818 433 2871 In
451 2818 573 2870 flammas
593 2820 622 2869 ct
640 2816 667 2868 in
686 2833 762 2869 arma
779 2818 861 2886 feror,
880 2835 934 2887 quo
953 2820 1041 2873 tristis
1060 2820 1165 2889 Erinys,

399 2894 457 2958 Quo
476 2894 602 2946 fremitus
620 2897 700 2946 vocat
718 2897 747 2947 et
766 2894 890 2948 sublatus
908 2895 943 2947 ad
962 2896 1074 2948 aethera
1091 2896 1203 2950 clamor.

398 2970 516 3023 Addunt
534 2986 563 3022 se
582 2969 668 3021 socios
688 2969 810 3039 Rhipeus
830 2974 859 3024 ct
876 2988 1019 3024 maxumus
1037 2973 1120 3024 armis

399 3046 510 3115 Epytus,
528 3045 612 3099 oblati
631 3062 680 3114 per
698 3047 797 3114 lunam,
819 3048 999 3116 Hypanisque
1019 3048 1185 3117 Dymasque,
1219 3062 1257 3101 sao

399 3122 435 3174 Et
452 3122 531 3176 lateri
550 3121 739 3188 adglomerant
756 3127 857 3188 nostro,
876 3125 1034 3190 iuvenisque
1052 3123 1202 3191 Coroebus,

398 3198 586 3266 Mygdonides.
624 3198 683 3252 lllis
701 3200 737 3252 ad
755 3199 864 3252 Troiam
883 3201 955 3253 forte
974 3200 1072 3254 dicbus
1198 3192 1213 3200 “

398 3273 526 3342 Venerat,
544 3275 637 3329 insano
657 3275 827 3329 Cassandrae
844 3278 968 3328 incensus
986 3293 1085 3343 amore,

398 3348 435 3401 Et
452 3366 537 3415 gener
555 3350 685 3403 auxilium
705 3352 815 3404 Priamo
835 3351 1041 3419 Phrygibusque
1059 3351 1176 3417 ferebat,

370 3422 498 3547 AInselir,
520 3425 571 3494 qui
588 3444 643 3481 non
663 3445 781 3498 sponsae
799 3430 951 3497 praccepta
965 3426 1087 3479 tarentus

405 3499 519 3556 adierit.
950 3512 952 3515 ’
1120 3549 1122 3554 .

359 3566 437 3633 Quos
457 3578 511 3632 ubi
529 3583 683 3644 confertos
703 3586 822 3645 audere
840 3584 872 3641 in
889 3579 1007 3655 proelis·
1021 3575 1094 3640 uhi,
