3242 4159
631 529 814 581 ARNEIDOS
830 529 901 584 LIB.
919 529 984 583 VII.
1061 534 1064 539 ’
1179 527 1255 585 'aot‘

382 611 480 682 Atque
496 612 542 668 hic
560 613 668 667 Aeneas
685 612 824 680 ingentem
842 629 877 667 ex
894 629 1012 683 aequore
1028 614 1119 669 lucum

382 689 527 758 Prospicit.
563 689 645 742 Hunc
662 688 734 741 inter
751 688 833 741 fluvio
852 689 993 743 'fiberinos
1011 706 1132 758 amoeno,
1207 704 1232 743 ee

382 765 540 819 Vorticibus
557 765 667 833 rapidis,
685 767 714 818 et
731 765 818 817 multa
835 764 921 819 flavus
937 782 1028 833 arena,

368 842 417 895 -In
435 858 511 895 mare
528 842 688 910 prorumpit
722 840 823 894 Variae
841 842 995 911 circumque
1013 859 1151 913 supraque

382 916 526 971 Adsuetae
544 917 611 984 ripis
628 916 751 971 volucres
768 920 798 971 et
815 916 934 971 fluminis
951 918 1028 972 alveo

383 993 509 1047 Aethera
525 992 681 1046 mulcebant
699 995 788 1057 cantu,
805 992 921 1060 lucoque
939 994 1076 1049 volabant.

383 1068 510 1122 Flectere
527 1069 582 1122 iter
599 1068 676 1121 sociis
694 1072 840 1135 terraeque
859 1069 1004 1123 advertere
1020 1086 1115 1139 proras
1207 1087 1232 1125 ³5

382 1145 506 1213 Inperat,
524 1148 554 1199 et
571 1144 660 1197 laetus
678 1144 759 1198 fluvio
777 1145 899 1199 succedit
917 1161 1008 1213 opaco.

418 1221 498 1275 Nunc
515 1237 574 1289 age,
592 1221 640 1288 qui
657 1236 745 1287 reges,
763 1220 855 1287 Erato,
874 1238 945 1289 quae
963 1226 1088 1289 tempora
1105 1240 1205 1291 rerum,

383 1296 451 1361 Quis
470 1297 549 1350 Latio
567 1296 679 1363 antiquo
696 1296 780 1349 fuerit
799 1298 896 1362 status,
915 1296 1021 1349 advena
1038 1298 1150 1351 classem

382 1374 453 1427 Cum
471 1373 588 1442 primum
607 1372 736 1426 Ausoniis
753 1371 890 1424 exercitus
908 1371 1014 1439 adpulit
1032 1372 1093 1440 oris,

382 1448 544 1517 Expediam,
562 1450 592 1501 et
609 1448 713 1515 primae
730 1446 864 1501 revocabo
881 1446 993 1501 exordia
1011 1465 1126 1525 pugnae.
1207 1464 1232 1503 so

383 1526 425 1580 'l'u
441 1527 541 1590 vatem,
558 1527 598 1587 tu,
615 1522 685 1589 dira,
703 1538 789 1577 mone.
827 1522 922 1576 Dicam
940 1522 1052 1577 horrida
1069 1524 1147 1594 bella,

383 1601 480 1654 Dicam
498 1599 578 1666 acics,
595 1601 725 1665 actosque
740 1599 838 1651 animis
855 1599 883 1651 in
900 1598 997 1652 lunera
1013 1616 1099 1668 reges,

382 1676 603 1744 Tyrrhenamque
620 1690 738 1740 manum,
756 1677 899 1742 totamque
917 1674 968 1727 sub
986 1692 1062 1730 arma
1079 1679 1201 1729 coactam

383 1751 554 1819 Hesperiam.
591 1749 679 1802 Maior
696 1765 787 1802 rerum
805 1749 872 1802 mihi
889 1751 1010 1803 nascitur
1027 1751 1101 1819 ordo,

382 1828 473 1882 Maius
490 1841 558 1895 opus
576 1841 677 1879 moveo.
715 1825 775 1878 Rex
793 1841 859 1879 arra
876 1825 991 1879 Latinus
1008 1830 1037 1880 et
1054 1827 1137 1880 urbes
1206 1840 1231 1879 e

383 1903 444 1957 Iam
462 1903 552 1956 senior
568 1901 647 1967 longa
664 1901 783 1969 placidas
800 1900 830 1953 in
846 1916 913 1969 pace
930 1901 1053 1968 regebat.

384 1979 466 2033 Hunc
484 1978 578 2032 Fauno
595 1980 625 2030 et
641 1977 759 2044 nympha
775 1977 899 2044 genitum
917 1976 1056 2030 Laurente
1074 1978 1178 2032 Marica

384 2055 556 2122 Accipimus;
573 2052 667 2106 Fauno
686 2052 767 2106 Picus
783 2056 879 2121 pater;
894 2053 973 2120 isque
990 2057 1132 2121 parentem

383 2130 429 2195 Te,
448 2130 573 2193 Saturne,
590 2128 691 2192 refert;
707 2132 740 2181 tu
757 2129 894 2195 sanguinis
912 2129 1025 2182 ultimus
1042 2134 1144 2186 auctor.

382 2206 469 2260 Filius
485 2204 548 2258 huic
564 2203 621 2258 fato
639 2204 729 2257 divom
747 2204 892 2273 prolesque
910 2205 994 2258 virilis
1207 2220 1231 2259 so

384 2281 467 2336 Nulla
483 2280 544 2346 fuit,
562 2280 704 2347 primaque
721 2280 812 2333 oriens
830 2284 925 2348 erepta
941 2281 1053 2335 iuventa
1069 2285 1119 2336 est

384 2357 447 2411 Sola
464 2357 575 2411 domum
592 2359 621 2409 et
639 2359 731 2409 tantas
749 2355 876 2409 servabat
893 2356 949 2408 filia
966 2355 1051 2420 sedes,

384 2433 445 2487 lam
462 2436 570 2485 matura
587 2431 652 2496 viro,
671 2432 725 2484 iam
743 2431 831 2499 plenis
847 2429 948 2483 nubilis
965 2430 1048 2483 annis.

383 2508 467 2562 Multi
484 2507 559 2562 illam
575 2523 674 2574 magno
692 2523 708 2561 e
726 2507 804 2560 Latio
822 2509 937 2574 totaque
954 2506 1088 2574 petebant

384 2587 522 2649 Ausonla;
538 2583 609 2650 petit
626 2587 690 2636 ante
708 2582 774 2636 alios
791 2581 990 2651 pulcherrimus
1007 2582 1093 2635 omnis
1207 2597 1233 2637 ss

384 2660 498 2727 Turnus,
516 2658 573 2712 avis
591 2660 731 2726 atavisque
749 2663 855 2725 potens,
872 2673 954 2725 quem
971 2657 1048 2725 regia
1064 2658 1181 2712 coniunx

384 2736 507 2803 Adiungi
524 2750 656 2801 generum
674 2734 741 2786 miro
759 2732 925 2801 properabat
942 2750 1049 2799 amorc;

383 2811 440 2866 Sed
458 2810 541 2864 variis
557 2813 685 2878 portenta
702 2808 784 2862 deum
802 2809 955 2863 terroribus
973 2810 1093 2863 obstant.

383 2888 489 2941 Laurus
507 2890 567 2939 crat
583 2885 653 2946 tecti
670 2884 761 2937 medio
778 2884 807 2937 iu
825 2884 1012 2952 penetralibus
1031 2886 1101 2953 altis,

382 2964 467 3018 Sacra
482 2977 596 3028 comam,
614 2960 768 3027 multosque
785 2964 862 3013 metu
879 2964 987 3014 servata
1003 2976 1161 3027 perennes,
1208 2975 1233 3014 eo

383 3038 472 3099 Quam
490 3040 570 3106 pater
587 3037 732 3103 inventam,
750 3035 852 3103 primas
870 3051 931 3088 cum
949 3029 1080 3089 &inderet
1097 3052 1181 3103 arces,

383 3114 449 3183 Ipse
466 3112 608 3166 ferebatur
627 3111 738 3164 Phoebo
755 3126 876 3164 sacrasse
895 3110 1016 3176 Latinus,

382 3190 585 3258 Laurentisque
602 3186 637 3241 ab
655 3203 688 3240 ea
705 3203 804 3241 nomen
822 3186 945 3253 posuisse
963 3186 1071 3239 colonis.

383 3266 474 3321 Huius
492 3281 558 3334 apes
575 3280 709 3319 summum
728 3260 989 3317 densae-mirabile
1006 3260 1118 3315 dictu-

382 3340 509 3398 Stridore
525 3340 630 3408 ingenti
647 3339 782 3407 liquidum
800 3342 878 3393 trans
895 3337 1006 3391 aethera
1022 3340 1128 3406 vectae,
1208 3354 1237 3391 aa

382 3417 525 3471 Obsedere
541 3416 652 3483 apicem,
672 3418 708 3483 et,
725 3414 846 3485 pedibus
862 3431 916 3486 per
931 3419 1036 3470 mutua
1049 3414 1147 3479 neme,

369 3492 493 3542 Examen
510 3491 633 3545 subitum
653 3508 733 3547 ramo
752 3493 912 3551 frondente
927 3491 1084 3567 pependit

358 3562 496 3615 Continuo
516 3568 603 3636 rates,
621 3568 792 3630 Externum
811 3574 979 3646 cemimus,
994 3568 1108 3643 inquit,
