3242 4159
365 541 413 590 320
592 536 623 586 P
636 535 788 584 VERGlLI
804 531 971 581 MARONIS

365 621 429 675 Non
445 618 540 687 pudet,
558 634 575 672 o
593 616 697 685 Rutuli,
714 632 765 685 pro
782 614 889 670 umetis
905 612 1008 668 talibus
1025 628 1108 667 unam

366 695 514 749 Obiectare
532 694 667 748 animanti
685 708 836 746 numerous
852 708 889 744 an
905 689 1011 744 viribus
1028 688 1110 757 acqui
1171 698 1198 739 tn

367 772 430 825 Non
441 771 554 823 sumusl
544 770 639 837 lEn,
650 785 744 822 omnes
755 770 785 821 et
798 768 883 821 Troes
895 769 925 820 et
937 765 1063 820 Arcades
1074 749 1246 829 bisunt

367 846 526 914 Fatalisque
543 862 648 913 munus,
666 845 771 899 infensa
789 843 902 898 Etruria
919 844 1018 897 Turno.

368 923 423 975 vix
441 921 556 987 hostem,
575 921 712 976 alterni
691 937 715 973 s1
731 920 949 988 congrediamur,
967 919 1108 972 habemus.

369 998 422 1051 Ille
439 998 551 1066 quidem
569 998 605 1050 ad
623 1012 745 1064 superos,
763 1012 881 1065 quorum
899 1012 929 1049 se
948 994 1066 1049 devovet
1076 995 1139 1055 aris,

367 1073 504 1128 Succedet
521 1074 600 1137 fama,
618 1072 753 1141 vivusque
770 1088 822 1141 per
840 1088 888 1125 ora
905 1071 1031 1137 fcretur;
1180 1082 1211 1123 att
1257 1047 1260 1134 l

367 1148 433 1215 Nos,
451 1147 541 1215 patria
558 1146 665 1213 amissa,
684 1147 802 1200 dominis
820 1163 931 1215 parere
938 1113 1066 1214 superbis

368 1226 509 1293 Cogemur,
528 1224 576 1292 qui
593 1240 666 1277 nunc
682 1223 751 1277 lenti
767 1222 940 1276 consedimus
957 1221 1040 1275 arvis.

367 1300 503 1354 Talibus
495 1317 606 1354 incensa
623 1299 691 1353 est
684 1315 814 1353 iuvenum
832 1298 971 1352 sententia
987 1298 1072 1351 dictis

369 1377 429 1430 Iam
442 1377 530 1445 magis
541 1379 626 1444 atque
638 1375 733 1443 magis,
746 1375 887 1442 serpitque
899 1391 949 1442 per
961 1373 1073 1442 agmina
1083 1389 1214 1436 murmur3

370 1453 427 1520 Ipsi
446 1451 598 1505 Laurentes
615 1451 715 1504 mutati
732 1450 839 1519 ipsique
857 1449 959 1504 Latini.
1183 1462 1216 1501 ru

369 1527 421 1591 Qui
440 1527 492 1580 sibi
510 1527 565 1579 iam
582 1526 707 1595 requiem
724 1542 833 1593 pugnae
849 1526 989 1593 rebusque
1006 1525 1125 1579 salutem

369 1602 530 1670 sperabant,
548 1618 620 1654 nunc
638 1618 714 1654 arma
731 1602 833 1666 volunt,
850 1601 1003 1669 foedusque
1020 1603 1170 1669 precantur

371 1679 513 1743 infectum,
532 1681 561 1731 et
579 1677 663 1730 Turni
682 1679 785 1730 sortem
802 1677 971 1740 miserantur
987 1676 1120 1745 iniquam.

370 1755 423 1807 His
441 1752 517 1807 aliud
534 1754 622 1808 maius
641 1754 758 1807 Iuturna
775 1753 909 1821 adiungit,
926 1755 956 1807 et
974 1752 1031 1806 alto

369 1829 426 1883 Dat
443 1830 551 1897 signum
568 1831 651 1897 caclo,
668 1846 723 1899 quo
740 1847 795 1884 non
811 1829 985 1898 praesentius
1001 1828 1089 1883 ullum
1186 1842 1218 1882 stt

369 1904 503 1960 Turbavit
519 1910 627 1960 mentes
646 1906 739 1972 Italas,
757 1909 934 1973 monstroque
951 1904 1059 1958 fefellit

370 1980 497 2049 Namque
514 1982 607 2035 volans
625 1981 710 2035 rubra
727 1982 817 2036 fulvus
836 1980 911 2034 Ioris
928 1980 986 2033 ales
1003 1980 1032 2033 in
1050 1980 1152 2035 aethra

371 2056 496 2109 Litoreas
513 2057 637 2123 agitabat
654 2074 718 2110 aves
736 2057 901 2124 turbamque
918 2059 1061 2109 sonantem

371 2130 497 2199 Agminis
514 2132 626 2198 aligeri:
644 2132 735 2185 subito
753 2149 815 2184 cum
833 2133 925 2201 lapsus
942 2132 979 2185 ad
995 2132 1086 2185 undas

370 2209 490 2277 Cycnum
508 2208 689 2262 excellentem
706 2207 826 2276 pedibus
842 2209 916 2277 rapit
933 2208 1068 2275 inprobus
1085 2208 1171 2262 uncis
1187 2222 1221 2261 uo

371 2286 510 2338 Arrexere
528 2284 631 2338 animos
650 2284 722 2352 Itali,
740 2287 909 2353 cunctaeque
925 2283 1050 2337 volucres

370 2362 541 2415 eonvertmu
558 2360 678 2415 clamore
694 2360 794 2428 fugam,
811 2359 938 2412 mirabile
955 2359 1024 2425 visu,

371 2437 550 2506 Aetheraque
568 2437 716 2490 obscurant
733 2436 838 2505 pennis,
856 2435 1020 2503 hostemque
1037 2452 1089 2503 per
1106 2452 1189 2489 aures

371 2512 455 2566 Facta
472 2513 545 2566 nube
563 2516 700 2581 premunt,
719 2512 805 2565 donec
823 2511 850 2564 ri
867 2511 957 2565 victus
974 2514 1004 2564 et
1021 2510 1081 2579 ipso

372 2587 497 2642 Pondere
516 2588 624 2656 defecit,
642 2587 829 2657 praedamque
848 2603 883 2640 ex
900 2585 1037 2654 rmguibus
1054 2586 1113 2641 ales
1187 2603 1222 2641 att

372 2663 491 2718 Proiecit
508 2664 597 2729 fluvi0,
615 2665 780 2733 penitusque
797 2664 827 2715 in
844 2662 937 2715 nubila
953 2662 1032 2729 fugit.

371 2738 439 2792 Tum
457 2755 522 2791 vero
540 2741 685 2805 augurium
703 2740 800 2793 Rutuli
818 2739 936 2793 clamore
954 2738 1083 2805 salutant,

371 2813 584 2882 Expediuntquc
601 2830 715 2879 manus;
732 2816 893 2883 primusque
910 2814 1069 2867 Tolumnius
1087 2829 1182 2883 augur,

372 2889 433 2943 Hoc
450 2893 517 2957 erat,
536 2889 594 2956 hoe,
612 2890 690 2956 votis,
709 2890 808 2958 inquit,
826 2890 901 2959 quod
918 2906 1001 2957 saepe
1018 2888 1113 2957 petivi.

371 2965 492 3034 Accipio,
511 2966 702 3035 adgnoscoque
720 2966 803 3032 de0s3
820 2982 873 3032 me,
890 2982 935 3019 me
953 2966 1023 3018 duce
1040 2964 1145 3019 serrum
1187 2980 1223 3019 sto

372 3040 517 3111 corripite,
536 3059 552 3096 o
570 3043 672 3110 miseri,
690 3058 759 3111 quos
776 3042 907 3110 inprobus
924 3041 1030 3095 advena
1046 3039 1120 3094 bello

371 3116 500 3183 Territat,
518 3118 653 3171 invalidas
670 3121 702 3171 ut
720 3134 790 3183 aves,
809 3121 838 3171 et
856 3117 938 3171 litora
955 3119 1050 3171 restra

371 3190 409 3245 Vi
426 3193 548 3261 populat.
585 3193 668 3247 Petet
685 3193 732 3247 ille
749 3194 850 3281 fugem,
868 3194 1034 3262 penitusque
1051 3191 1190 3260 pmfundo

373 3265 442 3321 Vela
459 3267 543 3321 dabit.
579 3268 637 3321 Vos
655 3268 776 3322 unanimi
794 3268 909 3322 densete
926 3271 1058 3336 catervas,

370 3339 409 3395 Et
426 3358 520 3409 regem
539 3343 617 3396 vobis
634 3360 726 3413 pugna
744 3343 887 3397 defendite
905 3347 1022 3411 raptum
1187 3358 1223 3397 stt

357 3412 446 3489 Ducit,
465 3423 498 3475 ct
515 3419 651 3479 adversos
670 3420 761 3480 telum
779 3419 916 3477 contorsit
929 3419 1066 3471 innocue

418 3516 538 3574 wreus,
556 3505 692 3564 sonitum
710 3504 767 3561 dat
786 3496 912 3558 stridula
929 3508 1042 3554 coruus,
1057 3493 1090 3540 et
1102 3504 1190 3540 auxes

428 3586 524 3641 ⁸⁰02&
566 3585 666 3645 Simul
682 3564 1107 3657 hoc,sin1ulingcnsclamor
1113 3563 1255 3609 etcum
