3242 4159
390 529 438 577 218
625 528 656 577 Ρ.
673 526 829 577 VERGILI
845 526 1013 577 MARONIS

389 609 462 676 Ergo
479 608 534 663 iter
550 607 587 661 ad
604 624 698 676 regem
714 608 820 677 polluta
836 624 904 677 pace
923 608 1053 667 manum

389 684 491 737 Indicit
507 684 602 753 primis
619 684 754 751 iuvenum,
773 687 803 737 et
819 683 897 738 iubet
914 700 990 737 arma
1005 684 1108 753 parari,

389 760 484 813 Tutari
503 760 619 826 Italiam,
638 759 788 814 detrudere
806 760 906 832 finibus
922 759 1048 826 hostem3

389 836 425 891 Se
443 836 510 889 satis
526 835 659 889 ambobus
677 835 843 903 Teucrisque
861 836 954 891 venire
972 836 1143 905 Latinisque
1207 852 1242 893 aa

389 912 467 965 Haec
484 911 530 965 ubi
548 911 622 964 dicta
639 910 718 963 dedit
736 910 868 979 dirosque
884 911 914 965 in
931 915 996 966 vota
1011 913 1130 969 vocarit.

389 987 523 1041 Certatim
541 1003 601 1040 sese
620 986 717 1039 Rutuli
734 986 915 1041 exhortantur
930 987 960 1042 iu
977 1003 1061 1042 arma.

389 1062 470 1116 Hunc
488 1062 571 1116 decus
589 1060 729 1129 egregium
745 1062 850 1117 formae
866 1066 960 1118 movet
977 1065 1062 1132 atque
1077 1063 1217 1131 iuventae,

389 1138 471 1192 Hunc
488 1138 561 1192 atavi
579 1154 665 1205 reges,
683 1136 755 1191 hunc
772 1139 852 1193 claris
869 1139 986 1194 dextera
1002 1138 1089 1193 factis

416 1212 495 1267 Dum
513 1215 619 1268 Tamus
637 1214 754 1268 Rutulos
771 1215 867 1268 animis
884 1214 1035 1268 audacibus
1051 1213 1149 1284 inplet,
1208 1229 1262 1270 eoa·

388 1290 498 1345 Allecto
514 1291 543 1345 in
560 1291 677 1345 Teucros
695 1290 796 1359 Stygiis
814 1307 844 1345 se
862 1290 981 1345 concitat
997 1289 1054 1344 alis

389 1368 461 1421 Arte
477 1384 547 1421 nova
564 1367 703 1436 speculata
720 1367 815 1432 locum,
834 1384 889 1437 quo
905 1367 986 1421 litore
1002 1366 1119 1434 pulcher

388 1441 500 1496 Insidiis
517 1460 652 1511 cursuque
669 1442 741 1496 feras
757 1442 883 1510 agitabat
900 1443 985 1510 Iulus,

388 1518 443 1572 Hic
461 1518 579 1573 subitam
596 1517 707 1571 canibus
724 1517 829 1571 rabiem
848 1518 960 1586 Cocytia
976 1518 1054 1585 virgo

388 1593 489 1648 Obiicit
506 1597 536 1647 et
553 1596 618 1646 uoto
634 1593 707 1647 naris
724 1593 859 1661 contingit
875 1594 966 1662 odore,
1204 1608 1242 1651 eo

387 1668 428 1724 Ut
445 1686 555 1724 cervum
571 1668 701 1723 ardentes
718 1671 846 1737 agerent3
864 1686 934 1738 quae
952 1670 1040 1739 prima
1055 1669 1184 1726 laborum

387 1745 489 1799 Caussa
505 1745 558 1799 fuit
575 1744 702 1814 belloque
720 1745 825 1799 animos
842 1746 966 1800 accendit
983 1747 1108 1813 messia

387 1819 490 1875 Cervus
507 1825 568 1876 erat
584 1820 672 1875 forma
689 1819 839 1890 praestanti
856 1824 886 1875 et
902 1820 1029 1874 cornibus
1045 1820 1155 1890 ingens,

386 1895 535 1965 Tyrrhidae
553 1897 631 1966 pueri
649 1912 731 1966 quem
749 1896 846 1949 matris
863 1896 898 1949 ab
915 1895 1001 1951 ubere
1016 1900 1130 1966 raptum

386 1970 413 2026 N
414 1971 538 2026 utribant
555 1972 745 2041 Tyrrheusque
762 1975 850 2039 pater,
868 1971 911 2025 cui
928 1972 1006 2039 regia
1021 1974 1122 2040 pereat
1203 1986 1239 2026 est

386 2047 529 2113 Armenta,
547 2052 577 2102 et
593 2048 650 2101 late
667 2047 791 2102 custodia
807 2047 914 2102 eredita
930 2047 1029 2116 campi.

387 2122 542 2176 Adsuetum
559 2122 669 2191 inperiis
687 2138 763 2175 soror
780 2122 855 2176 omui
872 2122 1037 2177 Silviacura

386 2198 516 2252 Mollibus
532 2198 659 2252 intexens
669 2197 792 2251 ornabat
809 2214 912 2252 cornua
928 2198 1017 2266 sertis,
1109 2244 1112 2250 .

387 2273 574 2343 Pectebatque
589 2273 685 2339 ferum,
701 2290 825 2342 puroque
842 2273 871 2326 iu
887 2273 963 2328 fonte
980 2272 1097 2329 avebat

386 2350 439 2405 llle
456 2366 566 2404 manum
583 2349 690 2419 patiens
707 2366 871 2418 mensaeque
887 2349 1020 2404 adsuetus
1034 2349 1117 2405 herili
1201 2364 1238 2406 oo

386 2426 504 2485 Iluabat
521 2425 596 2481 silvis
612 2442 762 2495 rursusque
779 2425 816 2479 ad
833 2425 926 2478 limina
942 2428 1009 2479 nota

386 2503 450 2571 Ipse
468 2503 579 2556 domum
596 2518 659 2557 sera
675 2501 799 2571 quamvis
816 2518 846 2555 ee
863 2505 943 2555 nocte
959 2500 1075 2556 ferebat

386 2578 468 2632 Hunc
485 2578 579 2648 procul
596 2580 734 2632 errantem
750 2576 864 2632 rabidae
881 2577 1005 2631 venantis
1022 2576 1079 2631 Iuli

385 2654 562 2708 commovere
579 2669 667 2720 canes,
685 2652 767 2706 fluvio
784 2668 847 2707 cum
864 2653 936 2706 forte
954 2651 1074 2707 secundo

385 2727 533 2795 Defiueret,
550 2728 664 2795 ripaque
681 2730 772 2781 aestus
789 2727 926 2784 viridante
944 2728 1055 2783 levaret
1201 2744 1237 2785 α

385 2803 450 2873 lpse
468 2803 558 2868 etiam,
575 2803 690 2856 eximiae
706 2802 796 2857 laudis
813 2819 958 2858 succensus
975 2818 1076 2869 amore,

385 2879 519 2934 Ascanius
535 2895 617 2933 curvo
634 2878 737 2932 direxit
754 2879 859 2948 spicula
875 2895 976 2944 coruu3

384 2956 411 3009 N
413 2973 445 3011 ec
461 2956 576 3011 dextrae
593 2954 697 3008 erranti
714 2954 783 3009 deus
799 2955 876 3022 elisit,
893 2958 1010 3023 actuque
1026 2953 1116 3009 multe

385 3032 494 3102 Perque
510 3036 619 3087 uterum
637 3030 728 3084 sonitu
744 3047 849 3099 perque
865 3030 913 3084 ilia
929 3031 1005 3084 venit
1022 3029 1136 3087 mundo.

384 3107 497 3163 Saucius
514 3112 544 3162 at
561 3107 718 3177 quadrupes
734 3110 800 3162 nota
817 3106 891 3160 intra
907 3109 982 3161 tecta
998 3106 1109 3174 refugit,
1200 3119 1236 3161 too

383 3183 574 3252 successitque
590 3199 703 3252 gemens
721 3181 844 3250 stabulis,
861 3186 1016 3250 questuque
1032 3182 1164 3235 cruentus
1221 3199 1236 3212 ·

384 3262 479 3329 Atque
496 3259 642 3328 inploranti
660 3258 756 3312 similis
773 3261 878 3312 tectum
895 3273 975 3312 omne
991 3256 1125 3325 replebat

383 3333 467 3389 Silvia
480 3334 572 3404 prima
588 3351 673 3402 soror,
690 3334 788 3403 palmis
805 3349 935 3402 percussa
952 3333 1096 3407 lucanos·

366 3410 519 3467 Auxilium
538 3415 620 3470 vocat
637 3414 670 3469 et
688 3410 775 3468 duros
791 3408 945 3465 conclamat
960 3407 1086 3474 agnatis

353 3483 418 3556 Olli
433 3490 533 3559 pestis
550 3492 631 3550 enim
652 3490 754 3549 tacitis
770 3488 847 3545 latet
863 3498 966 3555 aspere·
979 3480 1067 3541 abib·
1213 3490 1252 3529 W

345 3557 494 3633 marones·
511 3570 637 3642 adsunt,
658 3570 711 3629 hie
727 3572 815 3629 torre
833 3563 969 3622 umatus
980 3552 1097 3612 ,usuam
1153 3597 1156 3603 ·
1178 3611 1182 3617 .
1229 3595 1231 3599 ·
