3242 4159
622 520 824 569 GEORGIGON
847 520 916 569 LIB.
941 520 977 569 Π.
1204 525 1232 570 51

374 597 434 653 Hic
452 600 524 668 petit
543 599 671 654 exscidiis
688 600 785 654 urbem
803 601 974 670 miserosque
994 601 1114 669 Penatis,
1199 617 1235 655 505

373 675 418 730 Ut
436 693 546 743 gemma
563 676 642 730 bibat
660 680 690 730 et
709 678 828 730 Sarrano
845 677 965 730 dormiat
983 681 1075 743 ostro;

374 752 482 806 Condit
499 769 564 821 opes
582 753 658 815 alius,
677 753 839 822 defossoque
857 753 968 808 incubat
986 771 1066 819 aur03

374 828 434 882 Ilic
453 831 546 897 stupet
563 829 697 882 attonitus
716 827 839 894 Rostris3
857 828 929 882 hunc
946 830 1057 898 plausus
1073 831 1194 885 hiantem

374 905 434 959 Per
452 922 551 959 cuneos
568 906 724 974 geminatus
742 906 814 959 enim
832 906 975 976 plebisque
993 912 1159 976 patrumque

374 982 531 1051 eorrtpmu
551 981 673 1051 gaudent
690 981 795 1051 perfusi
807 984 947 1050 sanguine
964 985 1088 1048 fratrum,
1199 1001 1234 1038 510

373 1058 536 1127 lesilioque
554 1059 649 1112 domos
667 1062 696 1112 ct
713 1058 803 1112 dulcia
820 1059 912 1112 limina
930 1063 1045 1128 mutant,

373 1137 475 1202 Atque
493 1136 546 1188 alio
563 1136 680 1204 patriam
699 1139 835 1202 quaerunt
853 1136 904 1188 sub
923 1136 979 1189 sole
997 1136 1139 1189 iacentem.

372 1210 509 1278 Agricola
526 1212 637 1264 incurvo
654 1214 757 1264 terram
776 1210 890 1264 dimovit
908 1216 1015 1266 aratro:

373 1286 454 1340 Hinc
471 1287 535 1339 anni
552 1286 636 1353 labor,
654 1286 716 1339 hinc
733 1286 851 1353 patriam
870 1304 1022 1355 parvosque
1040 1287 1154 1341 Penatis

373 1362 507 1428 Sustinet
525 1361 588 1416 hinc
605 1366 730 1416 armenta
747 1361 831 1415 boum
848 1364 1017 1431 meritosque
1034 1364 1170 1418 iuvencos.
1196 1379 1232 1417 515

372 1439 402 1492 N
404 1456 438 1493 ee
456 1439 571 1508 requies,
591 1439 657 1507 quin
675 1442 723 1492 aut
740 1440 829 1506 pomis
847 1439 980 1493 exuberet
998 1456 1093 1506 annus,

373 1518 439 1569 Aut
456 1515 515 1569 ietu
532 1531 669 1585 pecorum,
687 1518 735 1569 aut
751 1515 875 1569 Cerealis
893 1517 1010 1584 mergite
1027 1516 1115 1584 culmi,

374 1592 572 1659 Proventuque
590 1595 686 1644 oneret
705 1591 792 1644 sulcos
810 1595 895 1660 atque
912 1593 1011 1646 horrea
1027 1593 1123 1647 vincat.

373 1667 464 1721 Venit
482 1666 595 1735 hiemps,
614 1666 716 1722 teritur
734 1667 859 1735 Sicyonia
875 1667 944 1720 baca
961 1669 1085 1736 trapetisr,

374 1742 486 1797 Glande
503 1760 565 1797 sues
583 1744 648 1797 laeti
666 1743 792 1810 redeunt,
812 1743 881 1796 dant
898 1743 996 1797 arbuta
1014 1744 1111 1810 silvae;
1195 1760 1232 1799 oro

372 1819 413 1872 Et
432 1819 520 1872 uarios
538 1819 615 1887 ponit
632 1819 704 1872 letus
723 1821 877 1885 autumnus,
896 1821 925 1872 et
943 1819 998 1872 alte

373 1895 455 1948 Mitis
472 1895 500 1948 iu
518 1895 617 1963 apricis
634 1893 761 1963 coquitur
778 1894 916 1947 vindemia
934 1896 1012 1949 saris.

374 1971 490 2025 Interea
507 1970 601 2025 dulces
618 1971 741 2041 pendent
759 1969 859 2023 circum
878 1971 968 2024 oscula
985 1972 1050 2041 nati,

374 2047 461 2101 Casta
477 2047 637 2115 pudicitiam
655 2050 747 2101 servat
766 2046 870 2112 domus,
888 2046 974 2100 ubera
991 2065 1087 2102 vaccae

374 2122 479 2176 Laetae
497 2123 656 2190 demittunt,
674 2124 843 2191 pinguesque
861 2123 888 2176 in
907 2124 1030 2191 gramine
1048 2126 1120 2179 lacto
1195 2140 1230 2178 525

375 2198 457 2252 Inter
476 2215 505 2253 se
523 2199 645 2252 adversis
663 2199 802 2252 luctantur
820 2200 947 2253 comibus
964 2199 1052 2254 haedi.

375 2275 444 2344 lpse
462 2275 521 2328 dies
539 2274 627 2343 agitat
644 2276 737 2340 festos,
755 2274 887 2344 marisque
904 2292 954 2344 per
971 2276 1091 2343 herbam,

375 2351 455 2419 Ignis
472 2351 520 2405 ubi
537 2351 565 2404 in
583 2350 675 2404 medio
694 2354 722 2405 et
735 2351 804 2404 ¹socii
822 2356 929 2405 cratera
946 2354 1085 2418 coronant,

375 2427 423 2493 Te,
441 2427 536 2494 libans,
555 2427 670 2492 Lenaee,
688 2430 774 2493 vocat,
793 2427 955 2495 pecorisque
972 2426 1111 2491 magistris

375 2502 486 2557 Velocis
503 2503 583 2557 iaculi
602 2503 751 2556 certamina
767 2503 845 2568 ponit
864 2502 890 2553 in
910 2502 990 2568 ulmo,

376 2580 552 2648 Corporaque
570 2580 671 2647 agresti
689 2578 795 2631 nudant
812 2577 949 2645 praedura
966 2576 1126 2643 palaestrae.

376 2655 458 2708 Hanc
476 2655 540 2708 olim
557 2659 665 2709 veteres
683 2656 767 2708 vitam
786 2654 894 2707 coluere
910 2653 1014 2722 Sabini,
1087 2672 1090 2678 ·

376 2731 458 2785 Ilanc
477 2731 580 2784 Remus
598 2736 628 2785 et
644 2732 737 2797 frater,
757 2729 795 2783 sic
813 2730 892 2783 fortis
912 2731 1022 2783 Etruria
1040 2730 1127 2785 crevit

375 2807 486 2861 Scilicet
504 2810 533 2862 et
549 2823 642 2860 rerum
659 2808 733 2859 facta
750 2809 793 2859 est
811 2806 994 2873 pulcherrima
1013 2807 1107 2875 Roma,

375 2884 544 2953 Septemque
561 2899 616 2936 una
633 2883 683 2936 sibi
702 2898 780 2935 muro
798 2882 980 2936 circumdedit
998 2899 1081 2936 arces.

376 2962 454 3013 Ante
471 2960 555 3013 etiam
574 2962 712 3027 sceptrum
732 2958 837 3010 Dictaei
856 2960 936 3026 rogis,
956 2963 1067 3012 etanta

376 3036 467 3105 Impia
485 3053 568 3104 quam
586 3037 671 3089 caesis
688 3052 755 3103 gons
774 3037 817 3087 cst
836 3035 945 3103 epulata
964 3035 1091 3101 iuvencis,

376 3114 487 3165 Aureus
504 3112 573 3165 hanc
591 3112 676 3166 vitam
694 3113 721 3164 in
740 3113 823 3163 torris
843 3112 978 3165 Saturnus
997 3109 1107 3179 agebat:

375 3190 503 3242 Necdum
521 3189 604 3242 etiam
624 3189 766 3241 audierant
784 3188 872 3241 inflari
892 3189 1008 3255 classica,
1028 3185 1145 3238 necdum

375 3266 516 3333 Inpositas
535 3266 611 3319 duris
629 3267 763 3334 crepitare
782 3265 925 3318 incudibus
943 3279 1027 3317 enses.
1195 3276 1231 3313 aa

410 3342 466 3395 Sed
484 3360 533 3396 nos
551 3345 702 3399 inmensum
721 3346 816 3413 spatiis
834 3342 996 3397 confecimus
1013 3355 1126 3408 aequor,

370 3417 476 3529 Zabram
496 3422 604 3486 tempus
622 3436 726 3490 equum
743 3421 885 3477 fumantia
903 3420 1014 3476 soluere
1032 3417 1114 3473 colla.
