3242 4159
391 528 441 578 aa
525 510 527 514 ’
625 525 655 576 Ρ.
673 524 827 575 vnaemr
843 524 1010 575 nunonis

393 606 522 673 Classem,
541 621 612 674 quae
628 606 710 660 lateri
727 608 880 661 castrorum
897 606 1031 660 adiuncta
1046 606 1161 675 latebat,

394 682 551 750 Aggeribus
569 685 691 750 saeptam
709 683 810 735 circum
828 686 858 736 et
875 682 1031 735 fluvialibus
1047 683 1138 752 undis,
1219 715 1237 754 :a

394 757 511 824 Invadit,
530 758 670 826 sociosque
688 758 814 811 incendia
830 759 919 827 poscit
936 759 1051 827 ovantis,

394 834 489 903 Atque
506 851 615 887 manum
632 835 698 902 pinu
716 834 843 901 flagranti
860 833 983 888 fervidus
1000 834 1096 902 inplet,

393 909 462 963 'lum
480 927 544 964 vero
562 910 735 974 incumbunt;
753 913 856 977 urguet
872 908 1030 978 praesentia
1048 910 1149 977 Turni3

393 988 490 1054 Atque
508 986 595 1039 omnis
612 985 717 1039 facibus
735 986 822 1053 pubes
840 985 1086 1053 accingituratris.

392 1061 538 1130 Diripuere
556 1062 642 1126 focos3
661 1062 768 1129 piceum
785 1062 840 1115 fert
857 1061 963 1114 fumida
979 1061 1074 1115 lumen
1219 1076 1240 1116 tt
1277 1093 1279 1098 ·

393 1137 484 1190 'laeda
501 1142 530 1191 ct
548 1137 722 1191 commixtam
742 1138 879 1191 Volcanus
896 1136 933 1189 ad
950 1139 1026 1191 astra
1042 1137 1174 1204 favillm

428 1214 494 1277 Quis
512 1215 587 1278 deus,
606 1229 622 1267 ο
641 1214 745 1280 Musae,
762 1216 819 1266 tam
837 1229 918 1266 saeva
935 1212 1064 1267 incendia
1080 1214 1194 1270 Teucris

393 1290 519 1344 Avertitl
537 1294 628 1343 tantos
646 1290 753 1343 ratibus
771 1289 833 1357 quis
850 1287 956 1355 depulit
973 1288 1062 1357 ignisl

393 1364 490 1420 Dicite.
526 1365 619 1419 Prisca
636 1366 706 1419 fides
724 1366 803 1431 iacto,
822 1363 872 1417 sed
889 1364 963 1417 fama
979 1365 1116 1431 perennis.

393 1440 525 1510 Tempore
542 1458 597 1511 quo
615 1442 732 1510 primum
752 1439 870 1508 Phrygia
885 1439 1023 1493 formabat
1040 1441 1069 1493 in
1088 1441 1144 1495 Ida
1218 1456 1241 1494 ao

394 1520 502 1571 Aeneas
519 1518 639 1584 classem,
658 1521 687 1570 et
704 1515 794 1585 pelagi
811 1518 908 1584 petere
925 1516 983 1569 alta
999 1516 1125 1585 parabat,

394 1592 459 1661 Ipsa
476 1593 558 1646 deum
575 1594 664 1646 fertur
680 1592 806 1660 genetrix
826 1591 988 1659 Berecyntia
1005 1609 1137 1660 magnum

394 1668 512 1722 Vocibus
529 1668 572 1721 his
589 1668 683 1722 adfata
702 1669 811 1721 Iovem:
832 1668 882 1733 Da,
899 1671 971 1734 nate,
989 1668 1105 1736 petenti,

394 1745 473 1808 Quod
490 1749 538 1799 tua
555 1762 618 1799 cara
635 1761 733 1813 parens
752 1744 856 1797 domito
873 1748 902 1798 te
919 1745 1009 1812 poscit
1026 1743 1153 1813 Olympo.

393 1821 478 1875 Pinea
495 1822 562 1875 silva
579 1822 653 1888 mihi,
673 1821 773 1874 multos
790 1820 892 1873 dilecta
908 1836 959 1888 per
977 1836 1077 1886 annos;
1219 1836 1242 1873 es

393 1896 482 1951 Lucus
499 1897 527 1950 in
545 1915 607 1951 arce
624 1898 678 1950 fuit
695 1912 807 1963 summa,
826 1912 880 1963 quo
897 1912 975 1949 sacra
992 1895 1129 1967 ferebant,

392 1972 418 2024 N
419 1972 520 2039 igranti
536 1974 612 2041 picea
631 1972 810 2039 trabibusque
828 1970 959 2024 obscmus
976 1972 1096 2026 acernis:

393 2046 452 2099 Has
470 2063 521 2114 ego
540 2048 677 2100 Dardanio
695 2047 793 2114 iuveni,
812 2063 874 2100 cum
893 2047 987 2101 classis
1004 2051 1108 2115 egerat,

392 2121 479 2175 Laeta
496 2122 575 2186 dedi;
593 2139 664 2187 nunc
681 2122 825 2176 sollicitam
842 2122 925 2176 timor
940 2123 1037 2177 anxius
1054 2124 1141 2192 angit

392 2197 471 2250 Solve
483 2199 580 2264 metus,
587 2201 670 2266 atque
681 2199 732 2251 hoc
743 2198 870 2266 precibus
878 2199 938 2251 sine
949 2215 1029 2265 posse
1037 2204 1194 2271 parentem,
1220 2216 1243 2254 ao
1283 2221 1285 2226 ·

392 2272 418 2325 N
420 2289 454 2326 eu
471 2289 551 2326 cursu
569 2277 713 2342 quassatae
730 2274 786 2327 ullo
803 2290 857 2327 neu
874 2274 986 2328 turbine
1002 2274 1078 2329 venti

392 2349 560 2416 Vincantur;
577 2350 666 2419 prosit
682 2350 783 2404 nostris
800 2350 829 2403 in
846 2350 986 2404 montibus
1004 2354 1086 2405 ortas.

393 2425 480 2479 Filius
496 2425 559 2480 huic
576 2431 678 2494 contra,
696 2430 809 2495 torquet
827 2426 874 2495 qui
892 2426 984 2480 sidera
1001 2426 1113 2481 mundi:

393 2501 416 2554 Ο
434 2502 567 2570 genetrix,
586 2520 640 2571 quo
658 2504 715 2557 fata
732 2504 830 2557 vocas?
848 2504 897 2555 aut
914 2501 983 2570 quid
999 2502 1073 2570 petis
1090 2502 1172 2560 istisl

392 2577 538 2631 Mortaline
555 2596 637 2632 manu
654 2580 742 2632 factas
759 2578 903 2631 inmortale
921 2578 1029 2631 cannae
1221 2595 1245 2633 as

393 2652 447 2705 Fas
464 2652 598 2708 habeant?
616 2659 763 2723 certusque
780 2654 887 2707 incerta
903 2654 1025 2723 pericula
1041 2654 1146 2710 lustret

392 2731 519 2782 Aeneas?
537 2730 581 2781 cui
598 2733 676 2783 tanta
694 2731 746 2784 deo
764 2729 898 2799 permissa
914 2731 1055 2799 potestas?

392 2803 488 2864 Immo,
506 2803 554 2855 ubi
573 2804 719 2858 defunctae
736 2806 819 2859 finem
836 2807 988 2874 portusque
1005 2805 1142 2861 tenebunt

392 2877 528 2932 Ausonios
546 2878 618 2946 olim,
638 2897 827 2949 quaecumque
845 2882 964 2936 evaserit
980 2881 1062 2934 undis

391 2955 614 3023 Dardaniumque
632 2956 728 3009 ducem
749 2957 899 3011 Laurentia
915 2957 1023 3011 vexerit
1038 2974 1111 3023 arva,
1210 2974 1245 3013 roo

390 3032 537 3085 Mortalcm
557 3032 670 3101 eripiam
687 3032 810 3098 formam,
827 3033 975 3102 magnique
992 3031 1092 3087 iubebo

391 3108 528 3176 Aequoris
547 3125 607 3162 esse
625 3108 699 3176 deas,
717 3108 805 3176 qualis
824 3108 926 3161 Nereia
943 3109 1015 3162 Doto

391 3183 427 3236 Et
446 3184 561 3237 Galatea
579 3188 673 3237 secant
690 3187 862 3251 spumantem
879 3187 991 3252 pectore
1007 3188 1133 3253 pontum.

390 3258 514 3326 Dixerat,
532 3260 617 3328 idque
634 3262 725 3313 ratum
744 3258 831 3327 Stygii
849 3275 899 3328 per
917 3260 1028 3314 flumina
1044 3260 1149 3331 fratris,

390 3332 446 3387 Per
462 3335 523 3403 pice
541 3335 673 3388 torrentis
691 3338 807 3403 atraque
824 3335 954 3402 voragine
971 3336 1046 3405 ripas
1212 3352 1247 3393 ιω
1279 3343 1285 3364 ’

380 3409 500 3481 Adnuit,
520 3413 551 3467 et
570 3413 661 3467 totum
679 3415 749 3467 nutu
766 3410 922 3466 tremefecit
939 3410 1093 3479 Olympum.

399 3487 482 3559 Ergo
500 3491 609 3549 aderet
629 3489 774 3565 promissa
792 3486 864 3557 dies,
882 3489 913 3539 et
927 3489 1057 3551 tempora
1066 3484 1178 3537 Yam

351 3560 462 3626 Dema
481 3573 680 3645 conplerant:
703 3588 771 3628 cum
790 3564 885 3623 'lurni
898 3559 1006 3615 tauns
1016 3558 1146 3609 nausa
