3242 4159
645 535 828 585 AENEIDOS
844 535 915 586 LIB.
932 535 985 585 XI.
1191 539 1239 588 315

388 620 502 687 Labere,
520 618 654 687 Nympha,
672 617 743 687 polo,
760 616 877 685 finisque
894 616 981 671 invise
998 616 1118 686 Latinos,

386 696 486 749 Tristis
503 694 551 755 ubi
568 694 688 748 infausto
705 692 887 747 committitur
904 693 994 747 omine
1011 709 1111 762 pugna.

388 773 467 826 Haec
479 789 553 841 cape,
566 773 596 824 ct
606 771 733 825 ultricem
744 770 876 839 pharetra
887 769 1018 838 deprome
1030 769 1174 836 sagittam:
1203 784 1241 823 555

389 848 457 915 Η55,
476 848 641 916 quicumque
658 862 764 899 sacrum
783 845 892 899 violarit
908 845 1019 899 volnere
1036 860 1142 913 corpus,

387 924 455 976 Tros
475 923 604 998 Italusue,
622 923 689 975 mihi
707 922 811 990 pariter
829 921 878 976 det
896 922 1025 990 sanguine
1044 937 1152 990 poenas.

387 999 456 1053 Post
474 1015 524 1067 ego
541 998 615 1051 nube
632 1014 698 1051 cava
715 998 886 1052 miserandae
903 1015 1002 1067 corpus
1019 1001 1049 1053 et
1067 1012 1144 1050 arma

389 1074 539 1143 Inspoliata
556 1074 642 1127 feram
660 1074 773 1139 tumulo,
792 1075 954 1143 patriaeque
971 1089 1108 1143 reponam
1244 1075 1246 1079 '

388 1151 482 1215 Dixit3
500 1154 530 1204 at
547 1149 594 1203 illa
611 1150 678 1203 levis
696 1149 763 1203 caeli
782 1149 894 1217 delapsa
911 1167 961 1218 per
978 1167 1059 1203 auras
1205 1161 1242 1201 555

389 1226 523 1293 insonuit,
541 1225 619 1293 nigro
637 1226 806 1280 circumdata
823 1225 934 1280 turbine
951 1241 1057 1295 corpus.

428 1305 471 1356 At
488 1319 584 1355 manus
601 1302 709 1355 interea
725 1302 810 1354 muris
829 1302 944 1354 Troiana
960 1302 1126 1370 propinquat

389 1378 553 1447 Etruscique
571 1378 654 1431 duces
672 1378 853 1447 equitumque
870 1377 1007 1431 5115151155
1024 1377 1133 1442 51111115,-

388 1455 530 1524 Conpositi
547 1471 661 1507 numero
678 1454 707 1506 in
724 1458 836 1507 turmas.
873 1453 979 1507 Fremit
996 1469 1116 1522 aequore
1133 1456 1192 1507 toto

389 1529 530 1585 Insultans
548 1530 663 1598 sonipes,
681 1532 710 1583 et
727 1530 828 1598 pressis
845 1532 949 1598 pugnat
966 1528 1081 1584 habenis
1205 1544 1242 1581 555

389 1607 455 1662 Η55
472 1604 602 1659 obversus
620 1610 649 1660 et
666 1606 735 1671 huc;
752 1610 811 1659 tum
830 1606 885 1659 late
903 1606 1008 1660 ferreus
1025 1605 1112 1659 hastis

389 1684 497 1737 Horret
513 1699 586 1751 ager,
605 1682 749 1751 campique
767 1683 850 1734 armis
868 1681 1030 1735 sublimibus
1047 1682 1151 1735 ardent.

388 1759 450 1813 Nec
466 1775 521 1811 nnn
539 1758 683 1827 Messapus
701 1759 796 1811 contra
814 1757 970 1825 celeresque
988 1758 1079 1810 Latini

388 1835 427 1888 nt
445 1850 506 1887 cum
524 1835 611 1888 fratre
629 1835 713 1888 Coras
732 1835 761 1886 et
777 1833 892 1900 virginis
909 1833 953 1886 ala
971 1833 1100 1886 Camillae

389 1909 510 1965 adversi
527 1926 623 1978 campo
641 1910 781 1977 adparent,
798 1909 947 1977 hastasque
964 1908 1086 1961 reductis
1205 1922 1242 1960 555

390 1985 565 2039 Protendunt
582 1986 663 2053 longe
682 1985 796 2050 dextris,
814 1989 844 2039 et
862 1985 964 2053 spicula
980 1983 1104 2049 vibrant3

390 2061 591 2130 Adventusque
609 2061 698 2114 uirum
715 2060 897 2130 fremitusque
914 2060 1034 2114 ardescit
1051 2076 1191 2130 equorum

391 2138 507 2205 Iamque
526 2138 599 2190 intra
617 2137 718 2191 iactum
735 2138 784 2191 teli
802 2154 963 2206 progressus
980 2139 1098 2205 uterquc

391 2214 577 2268 Constiterat:
596 2213 687 2267 subito
699 2218 847 2283 erumpunt
865 2215 990 2278 clamore,
1008 2214 1179 2281 furentisque

390 2289 580 2343 Exhortantur
598 2305 698 2357 equom
716 2290 835 2342 fundunt
853 2289 933 2341 simul
952 2288 1073 2355 undique
1091 2289 1154 2356 tela,
1207 2304 1244 2342 515

391 2364 497 2418 Crebra
513 2365 583 2419 nivis
600 2365 664 2433 ritu,
683 2365 841 2433 caelumque
859 2363 1001 2417 obtexitur
1017 2363 1121 2417 umbra

392 2440 527 2494 Continuo
544 2440 666 2495 adversis
685 2441 839 2509 Tyrrhenus
857 2442 886 2493 et
904 2456 966 2493 acer
985 2441 1124 2493 Aconteus

392 2517 509 2571 Connixi
526 2518 670 2571 incurrunt
686 2517 779 2581 hastis,
797 2516 934 2586 primique
951 2515 1056 2568 ruinam

392 2594 468 2646 Dant
485 2594 576 2647 sonitu
592 2593 704 2662 ingenti,
722 2594 915 2662 perfractaque
933 2590 1190 2661 quadrupedantum

394 2670 509 2723 Pectora
525 2669 682 2737 pectoribus
699 2672 845 2737 rumpunt;
863 2684 991 2722 excussus
1010 2669 1149 2720 Aconteus
1208 2683 1244 2720 515

394 2744 526 2798 Fulminis
543 2745 571 2797 in
590 2762 693 2798 morem
711 2749 759 2797 aut
777 2747 914 2798 tormento
932 2742 1060 2813 ponderis
1077 2743 1139 2809 acti,

394 2820 561 2890 Praecipitat
578 2821 665 2889 longe,
683 2825 713 2874 et
730 2821 815 2874 vitam
833 2819 967 2888 dispergit
984 2821 1013 2872 in
1030 2836 1118 2873 auras.

392 2896 538 2964 Extemplo
556 2896 684 2950 turbatae
701 2896 780 2962 acies,
798 2897 924 2964 versique
942 2896 1033 2950 Latini

392 2971 532 3025 Reiiciunt
549 2988 658 3039 parmas
676 2974 705 3024 et
723 2988 807 3040 equos
829 2972 865 3024 ad
884 2972 990 3024 moenia
1009 2970 1128 3023 vertuht.

391 3048 477 3101 Troes
496 3050 595 3115 agunt3
614 3047 739 3115 princeps
758 3051 863 3101 turmas
883 3046 989 3099 inducit
1010 3045 1108 3098 Asilas.
1209 3058 1246 3096 555

393 3124 509 3192 lamque
527 3122 746 3192 propinquabant
766 3123 861 3191 portis,
880 3138 1029 3189 rursusque
1050 3120 1141 3174 Latini

393 3199 546 3253 Clamorem
564 3199 672 3268 tollunt,
694 3203 722 3253 et
740 3199 832 3252 mollia
851 3198 919 3252 colla
937 3197 1099 3250 reflectunt:

393 3274 433 3329 Hi
452 3274 568 3342 fugiunt,
590 3274 756 3344 penitusque
776 3275 849 3329 datis
867 3275 1025 3327 referuntur
1043 3271 1163 3325 habenis.

392 3350 488 3415 Qualis
505 3349 554 3404 ubi
572 3351 677 3404 alterno
695 3367 858 3421 procurrens
879 3350 989 3419 gurgite
1006 3351 1109 3417 pontus

386 3426 470 3477 Nunc
479 3426 538 3478 ruit
548 3426 586 3478 ad
599 3429 710 3497 terram,
726 3428 914 3499 scopulosque
924 3424 1081 3496 superiacit
1088 3420 1174 3472 naha.
1233 3426 1276 3461 sie

375 3498 522 3568 Spumeus,
542 3505 765 3577 extremamque
786 3507 855 3563 sinu
872 3503 1033 3579 pertundit
1051 3508 1196 3552 arenam

364 3570 452 3625 Num
469 3576 594 3646 rapida„
615 3586 700 3641 retro
723 3590 823 3659 atque
843 3588 937 3643 aestu
953 3578 1102 3639 reuoluta
1118 3558 1276 3623 mmm
