3242 4159
353 524 400 575 172
586 522 615 571 Ρ.
635 522 787 571 VERGILI
803 521 968 573 MARONIS

354 605 407 657 Ast
424 604 500 656 illurn
517 602 566 656 fidi
584 603 719 671 aequales,
736 618 827 671 genua
844 618 928 670 aegra
944 600 1110 670 trahentem,

353 680 560 748 laetantemque
578 682 695 748 utroque
713 682 802 747 eaput,
821 695 996 746 crassumque
1013 695 1140 733 eruerem

352 756 407 809 Ore
425 757 587 809 eiectantem
606 757 760 823 mixtosque
778 755 806 807 in
825 754 956 822 sanguine
974 754 1081 822 dentes,
1170 768 1202 808 eve

352 830 462 885 Duemrt
480 831 516 885 ad
533 832 624 895 navis;
641 832 801 899 galeamque
819 847 967 898 ensemque
983 830 1072 884 vocati

351 907 513 976 Accipiunt;
530 908 649 975 palmam
669 906 776 959 Entello
795 911 960 974 taurumque
977 906 1146 975 rehnquunt

352 983 406 1037 liic
423 983 517 1048 vietor,
535 997 667 1049 superans
684 982 780 1036 animis
797 986 932 1051 tauroque
950 981 1099 1050 superbus:

352 1060 424 1112 Nate
442 1059 501 1124 dea,
521 1074 620 1126 vosque
641 1059 715 1122 haec,
733 1059 830 1126 inquit,
848 1057 1009 1126 cognoscite,
1027 1058 1136 1125 Teucri,
1196 1124 1198 1127 Ι
1260 1070 1269 1091 ³

352 1135 387 1187 Et
405 1135 471 1187 mihi
490 1151 560 1202 quac
578 1136 678 1187 fuerint
696 1134 814 1188 iuvenali
831 1135 859 1187 in
877 1150 989 1202 corpore
1006 1134 1088 1202 vires,
1170 1148 1204 1187 er

353 1211 387 1263 Mt
406 1227 460 1278 qua
478 1210 592 1263 servetis
610 1215 765 1263 revocatum
783 1227 800 1263 a
818 1213 908 1263 morte
926 1209 1037 1263 Dareta

353 1286 433 1350 Dixit,
452 1291 480 1340 et
499 1287 606 1339 adversi
625 1290 719 1339 contra
738 1287 818 1339 stetit
835 1302 884 1339 ora
900 1285 1014 1352 iuvenci,

352 1362 403 1425 Qui
422 1362 522 1415 donum
541 1362 669 1415 adstabat
687 1379 801 1430 pugnae,
821 1361 958 1429 durosque
975 1361 1093 1415 reducta

354 1437 474 1490 Libravit
493 1438 591 1490 <lextra
610 1438 699 1490 media
717 1438 789 1491 inter
806 1453 907 1490 cornua
924 1440 1039 1505 caestus,

352 1512 471 1571 Arduus,
488 1509 654 1579 effractoque
674 1513 758 1566 inlisit
776 1514 803 1569 in
822 1530 884 1565 ossa
901 1512 1022 1567 cerebro.
1167 1530 1203 1571 sse

351 1588 487 1641 Sternitur
504 1588 688 1655 exanimisque
709 1595 830 1641 tremens
847 1587 1002 1657 procumbit
1019 1588 1096 1641 humi
1113 1588 1171 1643 bos
1266 1625 1270 1646 ι

353 1664 402 1717 ille
425 1677 507 1730 super
520 1664 582 1717 talis
601 1663 716 1718 effundit
733 1669 845 1733 pectore
863 1680 955 1719 voees:

353 1740 431 1792 Mane
449 1739 507 1805 tibi,
526 1739 606 1808 liryx,
624 1742 764 1794 meliorem
782 1742 900 1793 animam
917 1757 967 1810 pro
983 1744 1072 1796 morte
1089 1739 1202 1796 Daretis

351 1816 493 1881 Persolvo;
510 1817 553 1870 liic
572 1819 657 1871 victor
675 1822 783 1871 caestus
800 1821 945 1885 artemque
962 1833 1072 1884 repono.

386 1891 513 1945 Protinus
536 1898 643 1947 Aeneas
659 1894 741 1947 celeri
759 1896 867 1946 certare
885 1893 986 1960 sagitta
1167 1905 1202 1944 sss

351 1966 454 2020 invitat
473 1970 518 2036 qui
535 1968 606 2023 forte
627 1970 719 2034 velint,
737 1973 766 2021 et
783 1968 906 2037 praemia
923 1968 1008 2037 ponit,

351 2041 515 2109 Ingentique
532 2060 614 2098 manu
631 2045 731 2097 malum
749 2044 784 2097 de
803 2060 872 2098 nave
891 2044 995 2098 Seresti

351 2118 444 2185 Erigit,
464 2122 492 2171 et
510 2124 646 2173 volucrem
665 2121 779 2173 traiecto
797 2120 826 2173 in
843 2120 909 2174 frma
927 2120 1088 2186 columbum,

349 2196 409 2258 Quo
426 2194 542 2248 tendant
560 2196 670 2260 ferrum,
690 2196 759 2247 malo
778 2196 922 2264 suspendit
939 2196 975 2250 ab
992 2196 1056 2249 alte.

350 2270 505 2324 Convenere
523 2271 580 2337 viri,
599 2272 788 2339 deiectamque
805 2288 886 2326 aerea
904 2275 1006 2326 sortem
1167 2283 1202 2323 aaa

351 2347 465 2415 Accepit
483 2347 575 2415 galca3
594 2355 622 2401 et
641 2348 744 2416 primus
762 2348 880 2401 clamore
898 2347 1017 2401 secunde

350 2423 516 2489 Hyrtacidae
534 2428 597 2478 ante
615 2424 701 2480 omnis
719 2424 777 2477 exit
795 2426 869 2477 locus
888 2422 1101 2493 llippoceontis3

349 2500 436 2563 Quem
454 2500 534 2554 modo
552 2502 640 2554 navali
659 2500 821 2554 Mnestheus
838 2501 988 2554 certamine
1006 2500 1092 2553 victor

349 2576 540 2645 Consequitur,
558 2578 638 2630 viridi
657 2576 818 2630 Mnestheus
836 2576 960 2630 evinctus
977 2575 1055 2631 oliva

348 2650 457 2705 Tertius
476 2653 613 2721 Eurytion,
632 2656 704 2720 tuus,
722 2669 738 2705 o
756 2652 912 2719 clarissime,
930 2651 1024 2717 frater,
1166 2664 1203 2705 aas

349 2726 480 2791 Pandare,
498 2729 545 2795 qui
563 2721 706 2797 quondam,
724 2730 813 2781 iussus
833 2728 1000 2782 confundere
1017 2726 1122 2794 foedus,

349 2802 381 2854 In
400 2802 504 2855 medios
522 2805 607 2856 telum
625 2803 729 2860 torsisti
747 2806 851 2872 primus
870 2804 996 2859 Achivos.

347 2878 495 2932 Extremus
512 2879 644 2947 galeaque
662 2880 717 2933 ima
735 2881 859 2935 subsedit
878 2883 1003 2947 Acestes,

349 2958 439 3007 Ausus
458 2959 486 3009 et
505 2955 563 3023 ipse
580 2971 661 3008 manu
679 2955 807 3010 iuvenum
826 2961 964 3025 temptare
981 2955 1111 3009 laborem.

347 3030 414 3084 'l'um
432 3031 528 3085 validis
546 3032 630 3085 flexos
648 3032 792 3085 incurvant
810 3032 913 3085 viribus
931 3049 1010 3087 arcus
1137 3042 1145 3057 '
1166 3048 1202 3088 roe

348 3107 400 3160 Pro
419 3126 448 3161 se
466 3104 581 3176 quisque
599 3108 657 3176 viri,
677 3113 705 3163 et
724 3109 889 3178 depromunt
907 3109 964 3163 tela
980 3109 1124 3177 pharetris.

348 3183 493 3251 Primaque
510 3201 560 3253 per
578 3186 682 3239 caelum
700 3201 784 3238 nervo
803 3183 939 3238 stridente
957 3184 1060 3251 sagitta

348 3260 514 3327 Hyrtacidae
531 3261 635 3314 iuvenis
653 3260 768 3314 volucris
787 3259 946 3313 diverberat
964 3274 1060 3325 auras;

347 3335 383 3387 Et
400 3336 483 3401 vonit,
503 3337 664 3408 adversique
682 3337 805 3405 infigitur
824 3335 921 3389 arbore
938 3335 1010 3391 mal'n

339 3410 492 3464 Intremuit
507 3413 604 3483 vnaius,
624 3413 772 3484 timuitque
789 3412 924 3466 exterrita
939 3412 1034 3481 pennis
1162 3429 1201 3468 tos

327 3483 397 3549 (iles
419 3491 453 3540 et
468 3488 581 3557 ingenti
601 3495 761 3549 sonuerunt
780 3490 876 3545 emnia.
890 3489 997 3558 plausu.

327 3553 377 3611 'ost
391 3577 467 3616 acer
484 3566 667 3629 Mnestheus
689 3572 824 3627 adducto
843 3566 978 3623 constitit
993 3575 1072 3623 arcu,

1272 2526 1285 3302 l
