3242 4159
615 518 799 570 AENEIDOS
815 517 883 568 LIB.
901 518 968 573 VH.
1164 520 1211 568 215

360 600 481 657 Goniicit
496 598 579 668 inque
597 597 685 653 sinum
702 598 861 667 praecordia
878 598 914 654 ad
931 598 1028 653 intima
1045 598 1148 667 subdit,

361 678 425 743 Quo
440 675 587 730 furibunda
604 674 715 728 domum
733 678 854 728 monstro
871 674 1034 743 permisceat
1050 690 1165 730 omnem.

359 753 425 819 Ille,
442 753 516 807 inter
532 754 624 806 vestes
641 754 672 806 et
687 751 758 805 levia
771 753 889 819 pectora
906 751 1004 819 lapsus,

358 827 492 882 Volvitur
507 830 615 881 attactu
632 826 713 894 nullo,
730 825 856 895 fallitque
872 826 1017 894 furentem,
1176 841 1213 882 ste

358 904 513 973 Vipeream
529 902 663 971 inspirans
681 903 814 968 enimam
831 902 864 955 fit
881 902 975 956 tortile
992 902 1060 957 eollo

358 980 471 1038 Aurum
488 980 584 1048 ingens
601 979 719 1047 coluber,
737 978 770 1032 fit
786 978 883 1046 longae
899 977 991 1032 taenia
1007 978 1101 1046 vittae,

358 1056 539 1123 Innectitque
555 1071 653 1122 eomas,
672 1058 701 1109 et
717 1054 847 1108 membris
865 1053 984 1109 lubricus
1001 1058 1084 1109 errat

358 1131 407 1186 Ac
424 1130 489 1185 dum
505 1131 594 1200 prima
611 1129 670 1184 lues
686 1130 742 1184 udo
759 1129 888 1199 sublapsa
903 1147 1007 1184 veneno

357 1207 537 1275 Pertemptat
554 1223 648 1261 sensus
666 1209 751 1275 atque
768 1205 873 1260 ossibus
890 1206 1001 1275 inplicat
1017 1207 1116 1276 ignem,
1176 1222 1214 1263 aee

356 1282 489 1348 Necdum
506 1281 612 1337 animus
629 1285 688 1337 toto
705 1281 829 1351 percepit
844 1285 955 1349 pectore
972 1282 1116 1351 flammam,

357 1358 481 1425 Mollius‚
499 1362 529 1414 st
546 1359 627 1413 solito
643 1361 761 1413 matrum
779 1357 816 1411 dc
833 1373 917 1423 more,
933 1357 1024 1412 locuta
1041 1361 1092 1426 est,

357 1434 453 1489 Multa
470 1452 552 1504 super
568 1438 634 1490 nata
650 1434 794 1488 lacrimans
814 1432 993 1501 Phrygiisque
1010 1433 1178 1501 hymenaeis:

357 1509 544 1566 Exsulibusne
562 1510 645 1564 datur
662 1510 787 1564 ducenda
805 1508 1054 1578 mansuescas,

358 1586 386 1642 0
404 1586 529 1655 genitori
547 1589 644 1641 necte
662 1585 773 1640 miseret
789 1588 944 1655 gnataeque
960 1585 1074 1655 tuiqusl
1176 1600 1215 1641 seo

358 1662 389 1716 N
391 1678 422 1716 ee
439 1661 534 1716 matris
551 1662 672 1730 miseret,
689 1678 770 1730 quam
788 1661 876 1730 primo
894 1662 1020 1731 aquilone
1037 1664 1175 1733 relinquet

358 1737 497 1806 Perfidus,
515 1738 571 1791 alta
588 1740 685 1806 petens
702 1736 821 1791 abducta
838 1736 951 1805 virgine,
969 1738 1089 1805 praedol

360 1817 405 1868 At
422 1830 476 1867 non
493 1814 532 1867 sic
550 1813 684 1882 Phrygius
701 1816 830 1882 penetrat
847 1812 1053 1867 Lacedaemona
1068 1817 1164 1883 pastor

359 1890 556 1959 Ledaeamque
574 1889 708 1944 Helenam
726 1888 856 1942 Troianos
874 1887 950 1942 rexit
967 1888 1004 1943 ad
1021 1889 1111 1944 urbes

359 1965 437 2031 Quid
454 1969 503 2035 tua
520 1968 614 2020 sancta
630 1964 716 2019 fidesl
735 1963 803 2033 quid
821 1979 886 2018 eura
902 1963 1016 2033 antiqua
1032 1968 1142 2021 tuorum
1177 1980 1215 2021 ese

359 2042 401 2097 Et
417 2042 616 2110 consanguineo
632 2041 733 2095 totiens
751 2040 818 2096 data
834 2040 950 2094 dextera
968 2040 1076 2098 'lhrnel

360 2118 392 2173 Si
408 2134 493 2186 gener
509 2122 624 2173 externa
640 2116 745 2185 petitur
763 2116 799 2171 de
815 2119 899 2185 gente
916 2115 1030 2186 Latinis,

360 2193 454 2262 quue
471 2193 557 2262 sedet,
575 2193 718 2261 Faunique
735 2195 864 2261 premunt
881 2195 910 2246 te
927 2192 1000 2247 iussa
1016 2193 1145 2263 parentis,

360 2270 478 2324 Omnem
495 2269 624 2338 equidem
641 2269 755 2337 sceptris
772 2271 876 2322 terram
893 2281 965 2336 quae
980 2267 1067 2323 libera
1083 2269 1185 2324 nostris

359 2345 493 2413 Dissidet,
511 2348 655 2400 externam.
669 2360 738 2410 reor,
756 2348 787 2398 et
804 2344 843 2397 sic
860 2343 952 2397 dicere
970 2343 1053 2398 divos.
1177 2357 1214 2399 aro

359 2421 400 2476 llt
418 2420 516 2489 Turno,
533 2421 557 2474 si
573 2421 662 2490 prima
678 2420 776 2474 domus
792 2421 937 2485 repetatur
953 2417 1037 2486 origo,

360 2496 482 2551 Inachus
500 2497 676 2565 Acrisiusque
693 2499 786 2564 patres
803 2493 966 2562 mediaeque
983 2493 1120 2570 Mycenae.

398 2572 451 2627 His
467 2571 513 2627 ubi
530 2572 697 2641 nequiquam
714 2570 795 2624 dictis
812 2573 928 2640 experta
944 2569 1073 2624 Latinum

360 2648 466 2703 Contra
483 2652 557 2703 stare
574 2647 658 2715 videt,
676 2647 839 2717 penitusque
855 2645 885 2701 in
901 2645 1006 2701 viscera
1021 2644 1127 2715 lapsum

360 2723 503 2793 Serpentis
519 2724 616 2778 furiale
633 2724 741 2791 malum,
758 2726 901 2791 totamque
917 2724 1049 2792 pererrat,
1178 2736 1215 2778 ere

360 2799 432 2853 Tum
449 2816 514 2854 rero
530 2799 635 2867 infelix,
653 2799 809 2867 ingentibus
827 2800 917 2855 excita
933 2799 1069 2867 monstris,

361 2876 519 2930 Inmensam
538 2876 597 2929 sinc
615 2891 691 2929 more
709 2875 775 2931 finit
791 2876 931 2945 lymphata
948 2892 998 2945 per
1014 2875 1125 2930 urbem:
1189 2937 1194 2945 ,

361 2950 422 3005 Ceu
440 2950 576 3022 quondam
594 2954 668 3005 torto
686 2952 801 3006 volitans
819 2952 871 3005 sub
888 2951 1003 3006 verbere
1020 2950 1110 3017 turbo,

361 3026 451 3091 Quem
468 3028 546 3095 pueri
563 3043 661 3095 magno
678 3028 707 3081 in
724 3044 790 3095 gyro
807 3043 893 3082 sacua
910 3027 982 3081 atria
997 3024 1100 3080 circum

362 3102 469 3157 Intenti
486 3103 552 3157 ludo
571 3106 714 3170 exercent3
731 3103 778 3157 ille
796 3107 874 3158 actus
890 3102 997 3157 habena
1178 3117 1216 3156 aso

362 3179 490 3235 Curvatis
508 3179 596 3233 fertur
613 3180 722 3248 spatiis3
740 3182 835 3249 stupet
851 3178 936 3232 inscia
952 3193 1035 3247 supra

362 3254 541 3324 Inpubesque
558 3271 662 3324 manus,
680 3256 779 3310 mirata
795 3254 915 3309 volubile
931 3252 1049 3319 buxum3

362 3329 440 3385 Dant
456 3332 560 3386 animos
576 3330 683 3401 plagae.
717 3328 780 3385 Non
796 3346 879 3385 cursu
895 3329 1004 3397 segnior
1018 3328 1066 3383 illo

362 3405 418 3461 Per
435 3406 539 3461 medias
556 3406 639 3461 urbes
655 3406 749 3476 agitur
764 3405 937 3479 populosque
952 3404 1064 3479 ierods„

355 3481 426 3541 Quin
443 3480 526 3534 etiam
543 3482 574 3537 in
590 3482 683 3553 silvas,
702 3484 837 3544 simudato
855 3484 975 3542 numine
990 3480 1116 3550 samm,
1207 3484 1248 3525 ”fi

355 3547 433 3604 Μ’
448 3554 553 3628 “litte
568 3558 653 3618 nefas
669 3563 879 3640 maioremque
894 3581 968 3624 orsa
980 3563 1134 3625 tererem.
