3242 4159
386 545 433 589 toll
617 538 648 587 P.
666 536 823 585 VERGILI
842 534 1012 585 MARONIS

385 620 497 674 Mecum
513 618 597 673 crede
612 617 677 685 solo,
694 632 859 687 pugnaeque
875 616 987 685 accinge
1002 615 1146 683 pedestri:

388 697 447 750 lam
464 712 567 762 nosces,
585 697 699 749 ventosa
715 694 787 747 ferat
804 694 849 747 cui
865 694 953 762 moria
969 691 1088 747 laudem

386 772 479 836 Dixit;
496 775 526 825 at
543 771 591 824 illa
607 771 702 824 furens
718 771 829 839 acrique
846 786 960 824 accensa
976 768 1072 824 dolore

386 848 483 902 Tradit
494 864 597 917 equum
607 848 707 913 comiti,
718 846 886 916 paribusque
903 844 1009 899 resistit
1019 846 1049 898 in
1060 846 1151 914 mmis,
1205 859 1237 905 no

386 924 460 977 Ense
477 924 563 993 pedes
579 923 661 991 nudo,
678 940 802 991 puraque
819 922 947 977 interrita
963 938 1065 991 parma

386 1001 429 1053 nt
446 999 558 1067 invenis,
576 1000 673 1053 vicisse
690 999 754 1052 dolo
771 1002 857 1067 ratus,
875 999 966 1053 avolat
981 999 1050 1067 ipse,

387 1074 473 1129 Haud
490 1092 574 1140 more,
592 1076 786 1144 conversisque
803 1076 888 1144 fugax
906 1075 1032 1129 aufertur
1047 1072 1171 1142 habenis,

387 1149 653 1220 Quadrupedemque
671 1152 757 1205 citum
774 1152 878 1206 ferrata
894 1151 968 1205 ealce
985 1150 1093 1218 fatigat.

386 1227 466 1281 Vane
485 1227 575 1295 Ligus,
594 1228 751 1296 frustraque
768 1228 866 1281 animis
883 1228 956 1281 elate
973 1226 1108 1295 superbis,
1203 1238 1236 1281 ns

386 1303 562 1373 Nequiquam
579 1305 683 1372 patrias
700 1304 845 1373 temptasti
863 1304 985 1358 lubricus
1002 1302 1079 1369 artis,
1121 1355 1130 1372 ,

387 1379 413 1432 N
416 1395 447 1433 ec
463 1380 540 1435 fraus
557 1384 586 1434 te
603 1380 767 1435 incolumem
785 1376 875 1433 fallaci
892 1379 1015 1447 perferet
1032 1379 1127 1432 Auno.

387 1456 466 1511 Haec
482 1457 557 1510 fatur
573 1457 658 1525 virgo,
674 1460 703 1510 et
720 1455 877 1526 pernicibus
894 1456 975 1523 ignea
992 1454 1095 1523 plantis

387 1530 497 1586 Transit
515 1548 615 1600 equum
633 1548 721 1600 cursu,
738 1532 879 1600 frenisque
896 1531 1013 1584 adversa
1028 1528 1175 1598 prehensis

387 1606 572 1675 Congreditur
582 1623 738 1675 poenasque
749 1607 859 1661 inimico
871 1624 906 1661 ex
918 1606 1048 1674 sanguine
1060 1605 1159 1661 sumit:
1204 1618 1239 1660 πο

388 1681 476 1747 Quam
493 1683 572 1737 facile
589 1683 719 1752 accipiter
736 1700 802 1737 saro
820 1699 897 1737 sacer
915 1683 972 1737 ales
987 1681 1023 1735 ab
1040 1681 1099 1735 alto

388 1758 572 1828 consequntur
589 1760 686 1829 pennis
704 1758 848 1815 sublimem
865 1759 894 1812 in
912 1758 985 1812 nube
1001 1757 1166 1825 columbam,

388 1834 630 1905 Conprensamque
647 1839 732 1903 tenet,
749 1834 923 1904 pedibusque
940 1834 1075 1889 eviscerat
1091 1834 1188 1899 uncis;

388 1910 457 1964 Tum
475 1928 556 1965 cruor
573 1916 603 1966 et
620 1912 712 1966 vulsae
730 1912 861 1966 labuntur
877 1910 913 1964 ab
930 1909 1043 1964 aethere
1060 1909 1181 1978 plumae.

424 1987 465 2038 At
476 2002 530 2039 non
541 1988 609 2041 haec
619 1988 700 2041 nullis
711 1987 852 2041 hominum
863 1990 938 2041 sator
949 1990 1034 2055 atque
1045 1986 1164 2039 deorum
1206 2000 1241 2041 aas

388 2060 544 2115 Observans
562 2063 647 2116 oculis
665 2079 771 2116 summo
790 2062 870 2117 sedet
887 2062 960 2116 altus
979 2062 1102 2131 Olympo.

388 2136 557 2205 Tyrrhenum
576 2138 684 2205 genitor
702 2137 871 2193 Tarchonem
888 2138 918 2191 iu
934 2139 1038 2206 proelia
1055 2154 1139 2192 saeva

389 2212 516 2279 Suscitat,
534 2216 564 2267 et
582 2213 700 2267 stimulis
716 2214 791 2267 haud
808 2214 936 2267 mollibus
952 2214 1039 2267 iniicit
1056 2212 1120 2267 iras.

388 2289 462 2358 Ergo
479 2289 552 2343 inter
570 2290 669 2344 caedes
686 2290 868 2359 cedentiaque
886 2290 996 2359 agmina
1013 2289 1138 2342 Tarchon

389 2365 492 2420 Fertur
509 2384 590 2435 equo,
607 2368 743 2435 variisque
760 2366 874 2434 instigat
891 2365 1002 2419 vocibus
1018 2364 1083 2431 alas,
1207 2380 1243 2421 aa)

388 2442 506 2497 Nomine
526 2460 662 2513 quemque
679 2459 784 2509 vocans,
803 2442 949 2510 reficitque
966 2441 995 2494 in
1012 2440 1118 2511 proelia
1135 2441 1236 2509 pulsos

390 2518 457 2582 Quis
475 2523 573 2587 metus,
591 2537 606 2573 o
624 2536 773 2588 numquam
791 2518 912 2585 dolituri,
930 2534 947 2571 o
965 2532 1074 2585 semper
1091 2516 1200 2579 inertes

389 2592 529 2662 Tyrrheni,
548 2610 619 2663 quae
636 2599 715 2650 tanta
732 2594 831 2649 animis
846 2593 954 2661 ignavia
971 2593 1066 2647 reniti

390 2669 503 2723 Femina
520 2671 638 2739 palantis
656 2672 721 2739 agit,
741 2674 826 2739 utque
844 2669 911 2723 haec
928 2669 1037 2737 agmina
1055 2668 1162 2723 vertiti

390 2746 450 2810 Quo
467 2745 578 2810 sermm,
597 2746 698 2813 quidve
717 2747 785 2800 haec
801 2745 923 2814 gerimus
941 2745 998 2798 tela
1014 2744 1098 2797 inrita
1116 2745 1243 2799 dextrisl

390 2822 432 2875 At
449 2836 502 2873 non
520 2820 549 2872 in
567 2820 705 2873 Venerem
724 2837 823 2887 segnes
840 2825 1027 2889 nocturnaque
1044 2818 1125 2885 bella,
1208 2835 1244 2875 aas

390 2897 457 2963 Aut,
476 2895 523 2949 ubi
542 2912 624 2949 curra
641 2896 736 2949 choros
754 2895 856 2951 indixit
873 2896 942 2951 tibia
960 2895 1068 2962 Bacchi,

389 2972 557 3042 Exspectare
575 2972 660 3041 dapes
678 2976 706 3025 et
724 2972 821 3040 plenae
838 2972 935 3040 pocula
951 2987 1104 3037 mensae,-

390 3048 446 3103 Hio
457 3066 540 3115 amor,
552 3049 603 3103 hoc
621 3047 845 3102 studium-dum
861 3064 938 3101 sacra
954 3047 1089 3101 secundus
1105 3045 1244 3115 haruspex

389 3123 416 3177 N
417 3125 515 3192 untiet,
534 3142 565 3179 ac
582 3124 657 3179 lucos
673 3127 753 3178 vocet
770 3123 861 3178 hostia
877 3123 985 3193 pinguis
1002 3123 1030 3176 in
1047 3122 1126 3176 altos
1209 3137 1245 3177 rso

390 3198 468 3254 Haec
487 3201 584 3255 effatus
602 3215 703 3268 equum
720 3201 748 3253 in
766 3200 878 3267 medios,
896 3199 1046 3254 moriturus
1063 3201 1093 3252 et
1110 3197 1180 3265 ipse,

390 3274 522 3343 Concitet,
541 3278 571 3330 et
589 3277 698 3330 Venulo
721 3277 867 3329 adversum
885 3292 915 3329 se
933 3273 1063 3329 turbidus
1080 3274 1174 3340 infert,

389 3348 596 3421 Dereptumqne
613 3351 649 3405 ab
667 3368 737 3422 equo
756 3351 860 3429 dextrq
872 3351 1053 3419 conplectitur
1069 3350 1179 3403 hostem

371 3423 414 3479 Et
424 3429 568 3497 gremium
587 3432 657 3488 ante
675 3446 759 3487 suum
777 3428 871 3494 multa
884 3426 916 3480 ui
930 3426 1056 3479 concinis
1070 3424 1171 3508 autent.

355 3499 482 3563 Tollitur
497 3508 532 3565 in
549 3511 666 3569 caelum
687 3510 810 3579 elamor,
827 3503 984 3572 cunctique
996 3496 1100 3550 liat'mi
1227 3508 1269 3545 an

353 3573 530 3646 aaronem
546 3590 662 3650 oculos.
708 3590 807 3649 Volat
824 3586 935 3659 igneus
950 3584 1085 3642 mm
1094 3563 1243 3621 'mm‘
