3242 4159
387 529 418 578 88
614 522 644 571 P.
663 520 820 571 VERGILI
836 520 968 571 MARON
971 521 1005 571 IS

387 608 559 678 Adloquitur
571 606 679 661 Venus:
701 606 725 659 0
738 606 786 675 qui
798 622 843 660 res
854 605 1050 676 hominumque
1062 609 1207 679 deumque

388 686 519 740 Aeternis
537 683 608 751 regis
627 683 745 750 inperiis),
765 687 794 736 et
811 682 925 735 fulmine
943 687 1038 752 terres,
1210 703 1249 746 m

389 762 462 827 Quid
479 777 556 813 meus
575 763 684 811 Aeneas
702 758 730 810 in
749 762 778 811 te
796 760 969 813 committere
987 763 1102 827 tantum,

389 838 462 902 Quid
481 837 563 889 Troes
581 839 704 903 potuere,
723 834 830 902 quibus,
849 838 892 888 tot
910 835 1007 888 funera
1023 838 1117 904 possis,

389 914 510 969 conotus
529 912 564 964 ob
585 910 695 963 Italiam
712 914 850 964 terrarum
869 911 1007 964 clauditur
1025 912 1114 968 orbisi

389 991 471 1044 Gerte
489 987 552 1040 hinc
571 987 707 1039 Romanos
725 987 797 1054 olim,
817 987 989 1041 volventibus
1007 988 1091 1056 annis,

389 1067 462 1120 Hinc
480 1066 538 1117 iore
557 1063 692 1129 ductores,
712 1067 838 1116 revocato
856 1081 873 1117 a
892 1065 1024 1132 sanguine
1042 1065 1148 1135 Tenen}
1211 1084 1249 1125 235

390 1143 443 1206 Qui
460 1158 542 1209 mare,
561 1140 608 1208 qui
627 1144 715 1193 terras
733 1141 806 1193 omni
825 1140 932 1194 dicione
950 1145 1083 1208 tenerent,

390 1218 536 1281 Pollicitus,
556 1234 626 1285 quac
644 1220 681 1284 te,
699 1216 815 1284 genitor,
835 1218 971 1270 sententia
988 1217 1088 1271 vertiti

390 1294 451 1348 Hoc
469 1294 597 1362 equidem
616 1310 740 1346 occasum
758 1293 855 1345 Troiae
873 1293 1017 1361 tristisque
1034 1294 1127 1347 ruinas

390 1371 509 1437 delabor,
527 1370 590 1422 fatis
609 1370 744 1422 contraria
762 1370 819 1421 iata
837 1370 1006 1437 rependens;

389 1447 469 1501 Nunc
488 1446 584 1499 cadem
602 1447 712 1498 fortuna
729 1445 800 1498 viros
819 1449 862 1497 tot
880 1446 988 1498 casibus
1005 1452 1086 1518 actes
1210 1462 1248 1500 ase

391 1522 557 1590 Insequitur.
595 1521 681 1584 Quem
700 1521 749 1572 das
767 1521 857 1588 finem,
875 1538 925 1574 rex
942 1538 1049 1589 magne,
1067 1521 1210 1578 laborumi

391 1601 517 1652 Antenor
534 1597 631 1666 potuit,
651 1596 749 1649 mediis
767 1597 876 1665 elapsus
896 1598 1015 1666 Achivis,

391 1675 512 1743 Illyricos
531 1678 677 1742 penetrare
696 1673 770 1725 sinus
788 1676 872 1741 atquc
891 1674 987 1727 intima
1004 1677 1081 1728 tutus
1122 1689 1124 1693 '

391 1752 488 1818 Regna
507 1750 695 1816 Liburnorum,
715 1754 743 1802 et
761 1750 866 1803 fontem
885 1766 1015 1818 superare
1035 1749 1147 1818 Timavi,

391 1827 472 1881 Unde
490 1844 539 1894 por
557 1843 605 1879 ora
622 1843 719 1879 novem
739 1830 816 1879 vasto
835 1842 896 1878 cum
915 1842 1056 1879 murmure
1073 1826 1176 1879 montis
1211 1841 1248 1879 au

392 1904 421 1957 It
439 1920 513 1955 mare
531 1906 694 1970 proruptum
712 1905 742 1954 ct
759 1902 857 1969 pelago
876 1903 976 1969 premit
989 1918 1060 1954 arva
1077 1902 1192 1956 sonanti.

392 1980 447 2033 Hic
464 1982 556 2032 tamen
574 1978 621 2030 ille
639 1977 736 2030 urbem
756 1978 852 2031 Patavi
871 1978 1006 2045 sedesque
1024 1978 1124 2031 locarit

392 2056 565 2121 Teucrorum,
584 2057 613 2106 et
630 2054 705 2121 genti
724 2071 822 2107 nornen
841 2054 919 2108 dedit
938 2071 1068 2122 armaque
1086 2055 1147 2108 fixit

392 2130 479 2196 Troia,
497 2146 568 2182 nunc
586 2130 693 2197 placida
711 2134 857 2199 conpostus
875 2148 942 2199 pace
962 2130 1091 2198 quiescit:

392 2207 457 2272 Nos,
476 2209 524 2259 tua
541 2206 693 2273 progenies,
714 2206 781 2259 caeli
800 2205 900 2275 quibus
919 2206 1017 2259 adnuis
1034 2222 1133 2272 arcem,
1210 2222 1248 2260 rso

392 2281 520 2347 Navibus,
539 2281 693 2335 infandum!
715 2282 828 2349 amissis,
848 2282 928 2335 unius
946 2281 981 2335 ob
999 2281 1067 2335 iram

392 2357 538 2411 Prodimur
556 2362 638 2425 atque
659 2358 736 2411 Italis
755 2358 835 2425 longe
855 2357 1035 2425 disiungimur
1053 2358 1115 2411 eris.

393 2433 447 2487 Hic
464 2435 575 2502 pictatis
593 2434 693 2487 honesi
716 2436 754 2487 sic
772 2451 821 2487 nos
839 2434 868 2487 in
887 2439 995 2503 sceptra
1013 2435 1138 2501 reponisi

428 2510 481 2564 Olli
499 2510 643 2563 subridens
660 2511 800 2563 hominurn
819 2515 893 2565 sator
911 2515 994 2579 atque
1013 2509 1127 2563 deorum
1149 2544 1151 2549 -
1184 2509 1186 2516 '
1240 2541 1242 2546 ·

392 2578 485 2653 voltu,
505 2604 557 2654 que
575 2587 679 2641 caelum
698 2591 932 2655 tempestatesque
950 2589 1065 2657 serenat,
1210 2601 1248 2640 255

393 2663 492 2715 Oscula
509 2663 604 2715 libavit
623 2667 711 2729 natae,
731 2663 830 2716 dehinc
848 2664 915 2717 talia
932 2664 1018 2717 futur:

347 2739 350 2744 ’
395 2738 479 2791 Parce
498 2742 579 2801 metu,
599 2738 742 2806 Cytherea,
761 2743 874 2793 manent
893 2740 997 2792 inmoto
1013 2742 1124 2792 tuorum

394 2814 463 2867 Fata
481 2813 544 2869 tibi:
564 2830 659 2867 cernes
678 2814 775 2867 urbem
794 2820 824 2869 et
841 2816 973 2884 promissa
991 2814 1086 2868 Larini

394 2890 508 2958 Moenia,
528 2890 727 2960 sublimemque
745 2893 817 2946 feres
835 2892 871 2945 ad
889 2892 981 2945 sidera
998 2890 1066 2944 caeli

394 2968 598 3035 Magnanimum
618 2969 746 3035 Aeneam
762 2986 852 3037 neque
869 2986 914 3022 me
932 2968 1068 3021 sententia
1086 2967 1178 3019 vertit
1212 2980 1249 3019 aee

396 3045 449 3098 llic
461 3044 625 3097 tibi-fabor
638 3046 716 3112 enim,
731 3046 839 3115 quande
851 3046 919 3099 haec
932 3049 960 3099 te
973 3061 1039 3098 curo
1051 3042 1199 3107 remordet,

394 3120 512 3188 Longius
530 3125 559 3175 et
578 3121 688 3175 volvens
706 3123 823 3175 fetorum
842 3138 941 3175 arcana
958 3120 1108 3174 movebe-

394 3196 502 3251 Bellum
519 3198 616 3265 ingens
634 3201 713 3265 geret
732 3198 815 3251 Italia
832 3198 1001 3267 populosque
1018 3195 1117 3249 ferocis

395 3272 559 3341 contundet,
577 3290 721 3343 moresque
740 3275 804 3327 viris
824 3278 852 3328 et
870 3273 976 3327 moenia
993 3274 1084 3342 ponet,

395 3348 487 3402 Tertia
505 3350 571 3403 dum
591 3350 669 3403 Latio
687 3355 847 3418 regnantem
866 3350 967 3403 viderit
985 3353 1084 3414 aestas,
1213 3360 1252 3401 mo

389 3424 533 3493 Terraque
552 3427 714 3482 transierint
735 3427 847 3482 Rutulis
863 3426 982 3480 hiberna
997 3424 1126 3478 subactis.

366 3497 416 3549 At
425 3515 506 3564 puer
520 3503 675 3576 Ascanius,
695 3507 744 3563 cui
762 3522 841 3561 nune
857 3517 1017 3571 cognomen
1029 3498 1097 3550 lule

346 3565 600 3643 Addr'tun-Ilus
621 3590 697 3656 erat,
720 3586 795 3644 dum
816 3574 1051 3639 resistentibus
1063 3582 1192 3630 TW
