3242 4159
389 479 436 563 ns
628 517 659 566 P.
677 517 833 567 vxnemr
850 518 1019 567 muamus

389 594 493 650 Eruere
510 597 643 664 agricolae
660 599 801 663 certatim3
818 598 865 652 illa
881 615 970 667 usquc
986 600 1107 655 minatur

388 671 425 726 Et
442 673 603 728 tremefacta
621 691 725 729 comam
743 691 872 728 concusso
890 676 993 729 vertice
1010 680 1098 745 nutat,

387 748 553 803 Vulneribus
572 749 657 804 denec
674 752 806 819 paulatim
824 752 913 805 evicta
930 768 1088 821 supremum

388 825 549 893 (longemuit
567 828 708 895 traxitque
725 827 796 894 iugis
814 828 906 881 avolsa
923 828 1036 882 ruinam

388 901 537 971 Descendo,
555 920 587 956 ac
606 904 723 956 ducente
741 903 793 956 dee
811 904 947 957 flammam
965 904 1039 957 inter
1057 907 1088 957 et
1103 904 1194 960 hostis

387 978 540 1047 Expedier3
558 980 625 1033 dant
643 980 699 1032 tela
717 980 814 1045 locum,
833 980 1014 1049 flammaeque
1031 980 1176 1035 recedunt.

422 1057 517 1124 Atque
535 1056 582 1110 ubi
599 1056 654 1109 iam
671 1056 778 1124 patriae
794 1059 956 1123 perventum
974 1055 1010 1109 ad
1027 1056 1122 1109 limina
1140 1057 1217 1111 sedis

387 1133 580 1201 Antiquusque
592 1133 694 1197 domos,
706 1133 823 1199 genitor,
835 1149 918 1200 quem
929 1133 1026 1186 tollere
1037 1133 1066 1185 in
1078 1133 1149 1185 altos
1209 1148 1245 1187 515
1285 1172 1287 1178 -

387 1209 523 1277 Optabam
541 1209 660 1278 primum
677 1209 778 1263 montis
795 1209 969 1277 primumque
986 1208 1131 1283 petebam,

387 1284 515 1353 Abnegat
534 1287 624 1339 excisa
641 1287 726 1339 vitam
743 1285 895 1354 producere
913 1285 993 1337 'lroia

387 1361 574 1431 Exsiliumque
592 1363 657 1431 pati.
693 1362 751 1415 Vos
770 1378 793 1428 ο,
812 1361 912 1429 quibus
928 1361 1037 1428 integer
1054 1356 1122 1415 aeui¹

387 1438 507 1507 Sanguis,
525 1439 571 1505 ait,
591 1438 748 1506 solidaeque
766 1454 815 1491 suo
833 1440 908 1491 stant
925 1436 1023 1490 robore
1040 1435 1120 1504 vires,

386 1514 445 1568 Vos
462 1516 564 1583 agitate
582 1515 683 1582 lugam.
1204 1527 1242 1567 ese

386 1591 433 1645 Me
451 1591 474 1644 si
491 1591 632 1643 caelicolae
651 1590 799 1643 voluissent
818 1591 918 1643 ducere
937 1590 1028 1657 vitam,

386 1668 446 1722 Has
464 1667 529 1721 mihi
548 1669 702 1721 servassent
721 1666 806 1719 sedes.
844 1667 918 1719 Satis
935 1683 990 1719 una
1007 1683 1145 1735 superque

386 1743 512 1798 Vidimus
529 1742 649 1797 exscidia
667 1745 696 1795 et
713 1745 809 1811 captae
828 1743 1013 1809 superavimus
1030 1742 1099 1797 urbi.

386 1821 430 1874 Sic
447 1838 470 1887 o,
490 1820 528 1873 sic
545 1819 665 1887 positum
683 1818 769 1872 adlati
780 1818 920 1894 xdiscedite
938 1835 1042 1887 empus.

386 1896 450 1965 Ipse
468 1913 549 1949 manu
567 1899 684 1949 mortem
701 1895 853 1959 inveniam
871 1893 1047 1947 miserebitur
1064 1894 1152 1949 hostis
1204 1912 1242 1952 515

385 1972 557 2041 Exuviasque
573 1975 667 2041 petet;
685 1972 770 2025 facilis
787 1972 893 2024 iactura
911 1970 1054 2039 sepulchri.

386 2048 570 2117 Iampridem
588 2048 690 2101 inm'sus
709 2048 778 2101 divis
797 2051 826 2101 et
845 2047 949 2100 inutilis
966 2063 1051 2100 annos

385 2125 525 2191 Demerer,
544 2141 578 2177 ex
597 2140 650 2191 quo
668 2140 712 2177 me
731 2124 821 2177 divom
839 2127 919 2192 pater
934 2126 1018 2191 atque
1033 2122 1175 2177 hominmn
1191 2140 1242 2177 rex

385 2200 517 2254 Fulminis
534 2200 646 2253 adflavit
664 2200 752 2253 ventis
771 2203 799 2253 et
818 2200 933 2267 contigit
950 2199 1013 2267 igni.
1036 2258 1040 2264 ,

419 2277 494 2329 Talia
512 2276 653 2344 perstabat
670 2292 829 2344 memorans,
847 2276 971 2343 fixusque
989 2277 1127 2330 manebat.
1205 2290 1243 2329 ese

385 2352 410 2405 N
412 2368 442 2406 os
460 2356 555 2432 contpa
572 2353 650 2405 effusi
667 2352 786 2405 lacrimis
803 2352 975 2419 coniunxque
993 2352 1097 2405 Creusa

385 2430 574 2498 Ascaniusque
591 2430 732 2497 omnisque
749 2429 855 2494 domus,
873 2445 908 2482 ne
926 2432 1033 2481 vertere
1052 2438 1144 2484 secum

385 2506 489 2561 Cuncta
506 2510 586 2576 pater
603 2508 715 2575 fatoque
732 2506 861 2573 urguenti
878 2504 1035 2557 incumbere
1052 2504 1144 2559 vellet

385 2582 522 2651 Abnegat,
540 2584 702 2651 inceptoque
720 2587 748 2635 et
767 2581 877 2634 sedibus
895 2581 991 2633 haeret
1008 2580 1037 2632 in
1054 2580 1149 2634 isdem.

385 2658 490 2713 Rursus
502 2659 530 2711 in
542 2676 618 2711 arma
629 2660 707 2722 feror,
720 2661 892 2725 martemque
904 2657 1072 2709 miserrimus
1084 2660 1156 2724 opto,
1204 2671 1241 2709 1155

370 2736 456 2807 ,Nam
474 2736 548 2803 quod
567 2736 706 2787 eonsilium
725 2737 772 2787 aut
791 2750 862 2801 quae
879 2734 934 2786 iam
951 2732 1061 2785 fortuna
1078 2732 1213 2787 dabaturl

370 2812 466 2887 ,Mene
485 2811 581 2863 efferre
599 2810 704 2880 pedem,
723 2809 838 2876 genitor,
858 2814 886 2863 te
904 2826 983 2878 posse
1001 2808 1097 2862 relicto

386 2888 515 2956 Sperasti,
534 2890 696 2955 tantumque
714 2886 789 2939 nefas
807 2886 897 2953 patn'o
916 2884 1018 2939 excidit
1036 2886 1100 2937 orel

386 2965 413 3018 Si
431 2964 496 3017 nihil
515 2980 548 3015 ex
567 2965 645 3016 tanta
663 2962 775 3031 Superis
792 2962 883 3030 placet
900 2960 969 3014 urbe
986 2960 1111 3028 relinqui,

385 3040 422 3094 Et
440 3040 518 3094 sedet
536 3039 586 3092 hoc
603 3039 701 3105 anime,
720 3039 914 3106 perituraeque
932 3037 1036 3090 addere
1055 3035 1152 3089 Troiae
1205 3050 1243 3088 ma

385 3117 477 3185 'leque
495 3119 611 3184 tuosque
628 3115 710 3181 iuvat,
728 3117 806 3183 patet
824 3114 870 3166 isti
888 3114 968 3166 ianua
985 3113 1048 3180 lete,

366 3214 367 3217 ¹
386 3193 499 3261 Iamque
518 3192 607 3245 aderit
625 3191 711 3245 multo
731 3190 832 3243 Priami
851 3190 887 3244 de
905 3188 1035 3256 sanguine
1053 3187 1182 3256 Pyrrhus,

386 3269 505 3322 Gnatum
518 3272 581 3321 ante
594 3285 642 3322 ora
653 3268 748 3337 patris,
761 3271 868 3335 patrem
881 3265 928 3334 qui
940 3264 1086 3318 obtruncat
1098 3262 1134 3316 ad
1145 3280 1215 3317 aras

388 3344 447 3396 Hoc
465 3346 531 3407 erat,
548 3344 621 3396 alma
637 3360 742 3410 parens,
762 3342 836 3411 quod
854 3358 898 3395 me
915 3358 966 3410 per
983 3340 1047 3407 tela,
1066 3355 1116 3408 per
1133 3338 1206 3406 iguis

373 3418 474 3485 Empis,
495 3423 527 3472 ut
545 3418 644 3474 mediis
662 3420 770 3474 hostem
788 3419 818 3472 in
833 3417 1029 3488 penetralibus,
1043 3419 1130 3481 utque
1204 3427 1244 3467 aas

358 3493 516 3548 Ascanium
535 3501 713 3568 patremque
730 3514 828 3553 meum
844 3496 982 3562 iuxtaque
997 3491 1133 3544 bremam

346 3564 486 3624 Alterum
507 3571 541 3628 in
559 3575 689 3633 alterius
709 3578 857 3633 mactatos
876 3568 1015 3640 sauguine
1032 3558 1167 3617 cermmb
