3242 4159
611 658 642 708 P.
668 655 824 709 VERGILI
840 657 1005 709 Mnnonm

578 822 622 898 A
647 822 681 894 E
705 821 746 896 Ν
770 822 804 894 Ε
832 822 854 894 Ι
880 822 919 895 D
946 822 981 899 Ο
1008 824 1037 899 S

660 997 777 1051 nieun
808 995 961 1051 ιιιιιιιι

761 1145 862 1172 -0-

386 1262 478 1316 Anna
494 1261 637 1329 virumque
654 1277 729 1329 eane,
748 1264 844 1315 Troiae
861 1264 908 1331 qui
925 1264 1028 1331 primus
1045 1266 1081 1319 ab
1098 1267 1153 1321 orie
1199 1274 1204 1282 '

385 1337 503 1405 Italiam,
520 1338 579 1390 fato
597 1338 734 1405 profugus,
753 1338 909 1405 Lavinaque
925 1340 1030 1394 venit

385 1405 488 1479 Litora}
506 1412 576 1465 mult
564 1416 623 1465 ιιιιιι
639 1412 732 1466 illet
703 1416 732 1466 et
749 1414 832 1467 terrie
848 1414 964 1468 iactatus
981 1419 1011 1469 et
1028 1394 1095 1470 alto

385 1490 423 1545 Vi
440 1506 576 1559 superum,
594 1506 690 1543 saevae
706 1506 855 1544 memorem
872 1491 984 1544 lunonis
1001 1491 1061 1545 ob
1053 1509 1129 1561 rrum,

385 1566 476 1622 Multa
493 1583 601 1636 quoque
619 1571 648 1620 et
665 1567 737 1620 bello
740 1584 857 1636 passus,
875 1568 940 1622 dum
956 1569 1087 1623 conderet
1096 1570 1207 1663 urbem,
1222 1585 1236 1626 t

385 1643 561 1715 Inferretque
579 1646 646 1700 deos
656 1645 751 1718 Latio,
768 1660 854 1712 genus
871 1645 944 1698 unde
962 1638 1102 1699 Latinum

385 1721 541 1792 Albanique
558 1725 660 1791 patres
669 1726 753 1790 atque
770 1720 844 1775 altae
860 1721 967 1775 moenia
984 1722 1094 1775 Itomae

419 1797 506 1866 Musa,
524 1800 590 1853 mihi
607 1815 715 1853 caussas
725 1809 860 1872 memora
878 1814 932 1865 quo
949 1798 1058 1851 numine
1075 1797 1159 1866 laeso,

385 1875 491 1940 Quidve
509 1875 610 1943 dolens,
628 1874 724 1942 regina
726 1875 823 1928 deum
840 1877 884 1929 tot
901 1874 1010 1928 volvere
1027 1890 1106 1948 easua

384 1950 525 2020 Insignem
542 1952 646 2020 pietate
662 1952 758 2021 virum,
769 1952 810 2005 tot
827 1950 905 2004 adire
921 1950 1037 2005 labores
1211 1963 1238 2005 ro

384 2027 527 2096 Impulerit.
562 2027 702 2081 Tantaene
719 2026 815 2081 animis
832 2026 996 2081 caelestibus
1011 2027 1086 2082 ιιιοι
1228 2040 1231 2045 “

398 2178 623 2250 U1rbetantiqua
639 2181 700 2249 fuit,
717 2181 791 2250 Tyrii
807 2182 923 2235 tenuere
939 2180 1034 2248 coloni,

383 2256 534 2325 Karthago,
554 2257 665 2311 Italiam
681 2253 782 2312 eontra
794 2257 974 2325 Tiberinaque
991 2256 1092 2337 longe

383 2334 468 2403 Ostia,
487 2335 563 2389 diros
581 2351 662 2403 opum
668 2334 834 2403 studiisque
845 2334 1000 2423 'asperrima
1016 2318 1094 2397 belli}

382 2410 470 2475 Quam
488 2411 558 2465 Iuno
575 2412 663 2466 fertur
680 2412 762 2467 terrie
779 2410 868 2492 magis
885 2409 1008 2464 omnibus
1025 2426 1107 2464 unum
1212 2424 1240 2465 1⁵

380 2486 543 2541 Posthabita
559 2488 674 2556 coluisse
693 2483 939 2561 San103hieilli1m
956 2503 1039 2554 arma,

380 2562 436 2616 Hie
452 2580 548 2617 currus
565 2564 632 2628 fuit}
649 2564 701 2616 hoe
718 2581 765 2630 re
751 2580 834 2616 enum
836 2559 906 2617 deu
922 2564 1051 2631 gentibus
1068 2578 1136 2628 esse,

380 2638 409 2693 si
427 2656 481 2708 qua
498 2640 557 2693 fata
575 2640 696 2706 sinantst
689 2657 744 2694 ram
762 2642 823 2693 tum
841 2640 933 2693 tendit
922 2645 988 2708 tque
1005 2640 1142 2707 fovetque.

380 2713 543 2786 Progeniem
560 2716 610 2768 sad
627 2717 699 2770 enim
717 2717 833 2770 Troiano
851 2734 868 2770 a
885 2717 1015 2783 sanguino
1033 2714 1097 2768 duci

379 2792 515 2847 Audierat
503 2793 634 2862 t,T5r1as
652 2794 717 2847 oiim
735 2812 805 2863 quae
823 2796 948 2848 verteret
965 2810 1056 2859 areee3

379 2868 453 2924 Hine
469 2869 598 2938 populum
616 2870 655 2924 1ι
643 2873 672 2924 e
690 2888 784 2939 regem
783 2870 930 2939 belloque
948 2870 1096 2940 superbum

379 2940 534 3000 Venturum
552 2946 673 3010 exscidio
691 2948 807 3017 Libyae:
827 2947 866 3001 sie
883 2948 994 3001 volvere
1012 2946 1119 2999 Pareae.

378 3020 415 3075 Id
431 3026 558 3077 metuens
575 3024 731 3094 veterisque
749 3041 855 3078 memor
874 3024 1005 3078 Saturnia
1022 3020 1094 3089 belli,

378 3097 471 3153 Prima
488 3101 562 3169 quod
580 3100 616 3154 ad
634 3101 742 3155 Troiam
759 3117 810 3170 pro
828 3101 899 3154 caris
916 3104 1043 3169 gesserat
1061 3095 1183 3165 Argia·-

377 3173 503 3230 Necdum
521 3178 604 3231 otiam
622 3194 733 3231 cariosae
749 3178 853 3231 irarum
872 3177 1001 3245 saevique
1019 3175 1129 3229 delores
1210 3184 1238 3227 ze

378 3249 545 3306 Exciderant
563 3255 776 3309 anim0:1nanet
794 3255 961 3308 altomonte
979 3255 1120 3322 repostum

376 3323 510 3379 Iudicium
528 3328 636 3384 Paridis
653 3330 846 3401 spretaeque
838 3325 943 3383 iniuria
956 3329 1072 3394 termae,

355 3398 399 3452 Εἴ
407 3416 505 3464 grem
519 3404 648 3477 invisum,
670 3412 702 3466 et
719 3408 799 3477 rapti
816 3404 995 3470 Ganrmeun
1007 3402 1152 3454 nenotea-
