3242 4159
382 540 398 589 6
613 539 644 593 Ρ.
662 540 818 592 VERGILI
835 540 967 591 MARON
970 541 1002 590 IS

382 618 519 690 Excipere
535 620 650 689 insidiis,
668 621 785 676 multum
803 621 922 676 latrante
940 620 1071 689 Lycisca?

382 694 421 750 ut
437 714 499 751 cum
516 699 679 752 clamarem:
699 697 759 761 Quo
771 700 849 751 'nune
866 714 896 751 sc
913 699 1030 767 proripit
1047 700 1114 757 illel

383 770 483 841 Tityre,
502 791 568 842 coge
586 791 687 842 pecus;
705 778 737 827 tu
754 776 819 842 post
836 778 943 827 carecta
960 775 1072 830 latebas.
1223 780 1245 817 ²⁰

382 848 421 904 D.
439 851 485 904 An
503 850 569 903 mihi
587 850 723 904 cantando
739 852 828 905 victus
845 866 900 903 non
918 850 1050 905 redderet
1066 852 1121 921 ille,

382 925 471 991 Quem
489 944 550 981 mea
566 927 732 981 carminibus
749 926 896 981 meruisset
915 927 1009 981 fistula
1026 930 1160 997 capruml

381 1001 411 1057 Si
428 1003 525 1072 nescis,
542 1020 620 1057 meus
637 1002 684 1056 illo
701 1019 783 1072 caper
800 1002 868 1068 fuit3
886 1005 916 1057 et
933 1003 1001 1057 mihi
1019 1004 1125 1058 Damon

382 1077 448 1147 Ipse
463 1079 624 1146 fatebatur3
642 1080 692 1133 scd
709 1078 828 1133 reddere
845 1095 926 1147 posse
943 1079 1069 1147 negabat.
1108 1080 1117 1094 '

380 1154 423 1209 M.
436 1156 578 1210 Cantando
590 1160 622 1210 tu
633 1155 727 1212 illumi
745 1158 794 1210 aut
806 1172 936 1223 umquam
947 1156 1000 1210 tibi
1011 1157 1103 1211 fistula
1114 1173 1178 1212 cera
1219 1173 1243 1212 25

381 1231 481 1288 Iuncta
497 1232 573 1288 fuiti
591 1249 644 1286 non
662 1236 694 1286 tu
711 1233 740 1286 in
757 1232 854 1297 triviis
872 1232 991 1302 indocte,
1007 1232 1112 1287 solebas

381 1306 518 1361 Stridenti
535 1309 666 1363 miserum
684 1309 785 1379 stipula
803 1308 967 1377 disperdere
984 1311 1112 1365 carmenl

381 1382 419 1437 D.
437 1382 488 1437 Vis
506 1402 578 1453 ergo,
597 1386 670 1439 inter
688 1402 745 1451 nos,
764 1385 833 1453 quid
850 1385 937 1453 possit
954 1388 1079 1453 uterque,
1097 1386 1218 1443 uicissim

382 1458 582 1531 Experiamur?
601 1478 652 1529 ego
669 1462 739 1515 hanc
757 1460 941 1515 vitulmn-ne
958 1463 1030 1516 forte
1048 1479 1164 1531 recuses,

382 1535 430 1592 Bis
447 1538 524 1592 venit
540 1537 576 1590 ad
593 1537 745 1604 mulctram,
762 1536 842 1591 binos
859 1537 909 1592 ulit
927 1537 1012 1591 ubero
1030 1538 1138 1592 fetus-
1216 1554 1242 1595 se

381 1612 512 1682 Depono:
530 1618 562 1668 tu
572 1612 631 1681 dic,
649 1630 755 1667 mecum
774 1630 828 1682 quo
845 1613 958 1681 pignore
975 1617 1071 1671 certes

381 1688 423 1744 M.
443 1690 486 1745 De
502 1707 587 1759 grego
605 1707 659 1743 non
677 1690 763 1743 ausim
782 1689 929 1758 quicquam
947 1689 1085 1757 deponere
1102 1698 1213 1747 tecum:

382 1765 433 1821 Est
450 1766 517 1820 mihi
534 1784 652 1836 namque
671 1766 744 1820 domi
762 1769 850 1835 pater,
868 1768 912 1820 est
929 1765 1030 1820 iniusta
1046 1783 1180 1835 noverca;

382 1840 485 1911 Bisque
504 1843 548 1896 die
566 1846 710 1897 numerant
729 1842 809 1896 ambo
827 1858 918 1910 pecus,
935 1841 1007 1896 alter
1023 1845 1053 1896 et
1069 1842 1181 1898 haedos
1231 1903 1237 1909 ,

382 1916 494 1986 Verum,
511 1918 542 1970 id
560 1918 634 1986 quod
651 1918 738 1970 multo
755 1921 818 1972 tute
834 1918 894 1987 ipse
912 1916 1035 1970 fatebere
1052 1918 1147 1987 maius,
1216 1937 1242 1977 ss

383 1993 507 2048 Insanire
523 1995 592 2048 libet
610 1995 738 2061 quoniam
755 1993 815 2061 tibi,
833 1994 930 2063 pocula
947 2010 1046 2062 ponem

382 2069 493 2139 Naginc,
511 2071 644 2125 caelatum
662 2069 748 2124 divini
766 2086 835 2138 opus
853 2069 1071 2138 Alcimedontis:

382 2146 470 2200 Lenta
488 2145 586 2214 quibus
604 2147 683 2199 torno
701 2146 775 2199 facili
793 2144 973 2213 superaddita
990 2146 1055 2201 vitis

381 2220 501 2275 Diffusus
517 2221 620 2275 hedera
636 2219 720 2275 vestit
737 2222 857 2287 pallente
874 2222 1021 2291 corymbos.

381 2297 417 2352 In
433 2296 523 2364 medio
541 2296 594 2350 duo
612 2297 695 2364 signa,
714 2297 815 2363 Conon,
833 2298 959 2367 ct—quis
976 2298 1030 2359 fuit
1046 2301 1125 2369 alter,
1217 2323 1245 2363 40

381 2372 531 2442 Descripsit
548 2373 626 2427 radio
643 2377 733 2428 totum
752 2373 799 2442 qui
816 2374 945 2441 gentibus
963 2374 1066 2443 orbem,

381 2449 512 2519 Tempora
529 2468 599 2519 quae
616 2467 728 2517 messor,
747 2466 818 2519 quac
835 2466 933 2504 curvus
951 2455 1043 2505 arator
1060 2452 1197 2508 habcrctl

379 2526 504 2581 Necdum
521 2528 575 2581 illis
592 2527 669 2582 labra
687 2526 802 2594 admovi,
822 2526 872 2581 sed
890 2528 1000 2581 condita
1017 2544 1103 2582 servo.

378 2602 417 2657 D.
435 2604 472 2656 ut
489 2602 566 2657 nobis
584 2605 657 2656 idem
677 2602 839 2656 Alcimedon
858 2602 913 2656 duo
930 2603 1027 2671 pocula
1043 2603 1116 2671 fecit,

378 2679 415 2733 Et
432 2677 507 2731 molli
524 2679 625 2731 circum
643 2682 686 2732 est
705 2695 783 2732 ansas
801 2680 943 2748 amplexus
960 2681 1084 2748 acantho,
1216 2699 1244 2740 45

379 2754 545 2824 Orpheaque
562 2754 591 2806 in
608 2753 699 2808 medio
717 2756 808 2824 posuit
826 2755 962 2824 silvasque
981 2756 1128 2826 sequentis

377 2830 504 2896 Necdum
522 2830 577 2883 illis
595 2830 672 2884 labra
692 2831 808 2898 admovi,
828 2830 877 2885 sed
894 2832 1004 2886 condita
1022 2850 1108 2887 servo.

378 2908 407 2963 Si
425 2907 460 2962 cd
479 2907 591 2962 vitulam
612 2912 727 2976 spectas,
746 2907 816 2961 nihil
834 2911 884 2975 est,
903 2908 977 2977 quod
995 2909 1092 2978 pocula
1108 2909 1212 2965 laudes.

375 2983 419 3038 M.
427 2984 574 3055 Nunquam
585 2985 668 3038 hodie
681 2984 795 3052 effugies
803 3006 810 3051 3
819 2984 936 3053 veniam,
947 3002 1117 3054 quocumque
1125 2986 1243 3044 vocaris,

377 3061 484 3115 Audiat
495 3062 562 3115 hacc
574 3061 764 3115 tantum—vel
779 3061 828 3130 qui
839 3062 922 3129 venit,
935 3078 1004 3125 ecce,
1018 3061 1172 3115 Palaemon.
1214 3080 1244 3118 oo

375 3136 497 3192 Efficiam
514 3138 628 3206 posthae
647 3154 682 3192 no
701 3154 867 3206 quemquam
887 3154 953 3191 voce
970 3138 1094 3192 lacessas.

367 3213 410 3265 D.
431 3215 501 3277 Quin
513 3232 572 3282 age,
586 3214 610 3269 si
623 3213 691 3282 quid
702 3213 796 3281 habes,
809 3213 839 3267 in
852 3230 897 3267 me
909 3221 986 3267 mora
998 3230 1052 3266 uon
1065 3214 1119 3267 erit
1130 3214 1193 3283 ulla,

351 3282 420 3337 Nec
436 3304 609 3358 quemquam
629 3291 726 3361 fugio:
744 3292 864 3359 tuntum,
879 3289 968 3345 uicino
987 3288 1143 3359 Palaemon,

345 3350 483 3413 &ensibus
501 3364 578 3421 haec
595 3368 671 3441 imis,
692 3387 742 3426 res
760 3371 807 3425 cst
825 3385 884 3424 non
899 3383 997 3439 parua,
1011 3381 1141 3433 reponas.

345 3420 364 3518 ι’·
379 3429 490 3502 Dicito,
510 3445 764 3517 quandoquidem
777 3449 813 3503 in
824 3445 909 3502 molli
919 3436 1210 3501 consedimusherha„
1237 3453 1270 3488 sn

345 3524 351 3592 s
369 3514 458 3561 Burro
475 3520 580 3572 omnis
602 3540 690 3598 ager,
712 3544 797 3584 nune
818 3524 919 3581 omnis
933 3518 1068 3593 parturis
1086 3513 1174 3565 armus
1184 3529 1197 3571 3

346 3584 388 3624 nc
405 3581 568 3650 frondent
588 3600 717 3673 silvam
732 3595 828 3663 ‘nune
842 3596 1087 3660 formosissimus
1104 3596 1209 3639 annue

345 3698 424 3721 K
