<?xml version="1.0" encoding="UTF-8"?>
<!DOCTYPE html PUBLIC "-//W3C//DTD XHTML 1.0 Transitional//EN"
    "http://www.w3.org/TR/xhtml1/DTD/xhtml1-transitional.dtd">
<html xmlns="http://www.w3.org/1999/xhtml" xml:lang="en" lang="en">
 <head>
  <title>
</title>
<meta http-equiv="Content-Type" content="text/html;charset=utf-8" />
  <meta name='ocr-system' content='tesseract 3.04.00' />
  <meta name='ocr-capabilities' content='ocr_page ocr_carea ocr_par ocr_line ocrx_word'/>
</head>
<body>
  <div class='ocr_page' id='page_1' title='image "./publivergilimar00conigoog/publivergilimar00conigoog_0067.png"; bbox 0 0 3242 4159; ppageno 0'>
   <div class='ocr_carea' id='block_1_1' title="bbox 634 516 1245 570">
    <p class='ocr_par' dir='ltr' id='par_1_1' title="bbox 634 516 1245 570">
     <span class='ocr_line' id='line_1_1' title="bbox 634 516 1245 570; baseline 0.002 -4"><span class='ocrx_word' id='word_1_1' title='bbox 634 516 839 567; x_wconf 81' lang='lat' dir='ltr'>GEORGICON</span> <span class='ocrx_word' id='word_1_2' title='bbox 856 519 927 568; x_wconf 89' lang='lat' dir='ltr'>LIB.</span> <span class='ocrx_word' id='word_1_3' title='bbox 945 518 999 570; x_wconf 82' lang='grc' dir='ltr'><strong>ΙΙΙ.</strong></span> <span class='ocrx_word' id='word_1_4' title='bbox 1213 522 1245 567; x_wconf 83' lang='grc'>53</span> 
     </span>
    </p>
   </div>
   <div class='ocr_carea' id='block_1_2' title="bbox 380 595 1246 3261">
    <p class='ocr_par' dir='ltr' id='par_1_2' title="bbox 380 595 1155 741">
     <span class='ocr_line' id='line_1_2' title="bbox 381 595 1155 668; baseline 0.003 -18"><span class='ocrx_word' id='word_1_5' title='bbox 381 596 484 666; x_wconf 81' lang='lat' dir='ltr'>Atque</span> <span class='ocrx_word' id='word_1_6' title='bbox 501 596 546 652; x_wconf 89' lang='lat' dir='ltr'>bic</span> <span class='ocrx_word' id='word_1_7' title='bbox 563 595 713 651; x_wconf 85' lang='lat' dir='ltr'>undantem</span> <span class='ocrx_word' id='word_1_8' title='bbox 731 598 804 651; x_wconf 88' lang='lat' dir='ltr'>bello</span> <span class='ocrx_word' id='word_1_9' title='bbox 822 615 1007 668; x_wconf 88' lang='lat' dir='ltr'>magnumque</span> <span class='ocrx_word' id='word_1_10' title='bbox 1025 597 1155 652; x_wconf 89' lang='lat' dir='ltr'>fluentem</span> 
     </span>
     <span class='ocr_line' id='line_1_3' title="bbox 380 672 1041 741; baseline 0.006 -16"><span class='ocrx_word' id='word_1_11' title='bbox 380 672 481 726; x_wconf 87' lang='lat' dir='ltr'>Nilum</span> <span class='ocrx_word' id='word_1_12' title='bbox 500 689 532 726; x_wconf 91' lang='lat' dir='ltr'>ac</span> <span class='ocrx_word' id='word_1_13' title='bbox 549 673 639 726; x_wconf 86' lang='lat' dir='ltr'>navali</span> <span class='ocrx_word' id='word_1_14' title='bbox 658 675 796 741; x_wconf 91' lang='lat' dir='ltr'>surgentis</span> <span class='ocrx_word' id='word_1_15' title='bbox 815 692 879 728; x_wconf 91' lang='lat' dir='ltr'>aere</span> <span class='ocrx_word' id='word_1_16' title='bbox 896 676 1041 731; x_wconf 88' lang='lat' dir='ltr'>columnas.</span> 
     </span>
    </p>

    <p class='ocr_par' dir='ltr' id='par_1_3' title="bbox 382 748 1246 895">
     <span class='ocr_line' id='line_1_4' title="bbox 382 748 1246 820; baseline 0.001 -17"><span class='ocrx_word' id='word_1_17' title='bbox 382 749 500 803; x_wconf 81' lang='lat' dir='ltr'>Addam</span> <span class='ocrx_word' id='word_1_18' title='bbox 518 748 600 802; x_wconf 88' lang='lat' dir='ltr'>urbes</span> <span class='ocrx_word' id='word_1_19' title='bbox 620 749 704 803; x_wconf 82' lang='lat' dir='ltr'>Asiae</span> <span class='ocrx_word' id='word_1_20' title='bbox 723 750 842 803; x_wconf 90' lang='lat' dir='ltr'>domitas</span> <span class='ocrx_word' id='word_1_21' title='bbox 860 751 1023 820; x_wconf 89' lang='lat' dir='ltr'>pulsumque</span> <span class='ocrx_word' id='word_1_22' title='bbox 1041 751 1181 819; x_wconf 78' lang='lat' dir='ltr'>Niphaten</span> <span class='ocrx_word' id='word_1_23' title='bbox 1219 764 1246 804; x_wconf 84' lang='lat' dir='ltr'>so</span> 
     </span>
     <span class='ocr_line' id='line_1_5' title="bbox 382 825 1117 895; baseline 0.001 -17"><span class='ocrx_word' id='word_1_24' title='bbox 382 825 587 893; x_wconf 83' lang='lat' dir='ltr'>Fidentemque</span> <span class='ocrx_word' id='word_1_25' title='bbox 606 825 670 892; x_wconf 66' lang='lat' dir='ltr'>fuga</span> <span class='ocrx_word' id='word_1_26' title='bbox 689 825 824 880; x_wconf 82' lang='lat' dir='ltr'>Parthum</span> <span class='ocrx_word' id='word_1_27' title='bbox 842 828 983 895; x_wconf 87' lang='lat' dir='ltr'>versisque</span> <span class='ocrx_word' id='word_1_28' title='bbox 1002 828 1117 895; x_wconf 88' lang='lat' dir='ltr'>sagittis,</span> 
     </span>
    </p>

    <p class='ocr_par' dir='ltr' id='par_1_4' title="bbox 382 900 1106 972">
     <span class='ocr_line' id='line_1_6' title="bbox 382 900 1106 972; baseline 0.003 -17"><span class='ocrx_word' id='word_1_29' title='bbox 382 901 422 955; x_wconf 84' lang='lat' dir='ltr'>Et</span> <span class='ocrx_word' id='word_1_30' title='bbox 440 901 497 955; x_wconf 94' lang='lat' dir='ltr'>duo</span> <span class='ocrx_word' id='word_1_31' title='bbox 514 906 595 969; x_wconf 84' lang='lat' dir='ltr'>rapta</span> <span class='ocrx_word' id='word_1_32' title='bbox 613 917 696 954; x_wconf 87' lang='lat' dir='ltr'>uranu</span> <span class='ocrx_word' id='word_1_33' title='bbox 716 900 825 955; x_wconf 83' lang='lat' dir='ltr'>diverso</span> <span class='ocrx_word' id='word_1_34' title='bbox 844 920 878 956; x_wconf 86' lang='lat' dir='ltr'>ex</span> <span class='ocrx_word' id='word_1_35' title='bbox 896 902 976 956; x_wconf 87' lang='lat' dir='ltr'>hoste</span> <span class='ocrx_word' id='word_1_36' title='bbox 994 907 1106 972; x_wconf 82' lang='lat' dir='ltr'>tropaea</span> 
     </span>
    </p>

    <p class='ocr_par' dir='ltr' id='par_1_5' title="bbox 382 977 1097 1048">
     <span class='ocr_line' id='line_1_7' title="bbox 382 977 1097 1048; baseline 0.001 -16"><span class='ocrx_word' id='word_1_37' title='bbox 382 979 489 1047; x_wconf 81' lang='lat' dir='ltr'>Bisque</span> <span class='ocrx_word' id='word_1_38' title='bbox 507 977 690 1046; x_wconf 88' lang='lat' dir='ltr'>triumphatas</span> <span class='ocrx_word' id='word_1_39' title='bbox 708 981 828 1048; x_wconf 89' lang='lat' dir='ltr'>utroque</span> <span class='ocrx_word' id='word_1_40' title='bbox 847 978 882 1032; x_wconf 92' lang='lat' dir='ltr'>ab</span> <span class='ocrx_word' id='word_1_41' title='bbox 900 978 982 1032; x_wconf 87' lang='lat' dir='ltr'>litore</span> <span class='ocrx_word' id='word_1_42' title='bbox 999 981 1097 1047; x_wconf 81' lang='lat' dir='ltr'>gentis</span> 
     </span>
    </p>

    <p class='ocr_par' dir='ltr' id='par_1_6' title="bbox 382 1053 1029 1124">
     <span class='ocr_line' id='line_1_8' title="bbox 382 1053 1029 1124; baseline 0 -16"><span class='ocrx_word' id='word_1_43' title='bbox 382 1054 506 1108; x_wconf 84' lang='lat' dir='ltr'>Stabunt</span> <span class='ocrx_word' id='word_1_44' title='bbox 524 1057 555 1107; x_wconf 91' lang='lat' dir='ltr'>et</span> <span class='ocrx_word' id='word_1_45' title='bbox 573 1053 646 1106; x_wconf 89' lang='lat' dir='ltr'>Parii</span> <span class='ocrx_word' id='word_1_46' title='bbox 664 1053 775 1122; x_wconf 89' lang='lat' dir='ltr'>lapides,</span> <span class='ocrx_word' id='word_1_47' title='bbox 794 1056 927 1124; x_wconf 82' lang='lat' dir='ltr'>spirantia</span> <span class='ocrx_word' id='word_1_48' title='bbox 944 1055 1029 1123; x_wconf 81' lang='lat' dir='ltr'>signa,</span> 
     </span>
    </p>

    <p class='ocr_par' dir='ltr' id='par_1_7' title="bbox 382 1130 1244 1352">
     <span class='ocr_line' id='line_1_9' title="bbox 384 1130 1244 1201; baseline 0.002 -16"><span class='ocrx_word' id='word_1_49' title='bbox 384 1130 515 1185; x_wconf 80' lang='lat' dir='ltr'>Assaraci</span> <span class='ocrx_word' id='word_1_50' title='bbox 532 1131 623 1199; x_wconf 90' lang='lat' dir='ltr'>proles</span> <span class='ocrx_word' id='word_1_51' title='bbox 642 1130 834 1201; x_wconf 79' lang='lat' dir='ltr'>demissaeque</span> <span class='ocrx_word' id='word_1_52' title='bbox 852 1132 887 1185; x_wconf 90' lang='lat' dir='ltr'>ab</span> <span class='ocrx_word' id='word_1_53' title='bbox 907 1132 973 1185; x_wconf 88' lang='lat' dir='ltr'>Iove</span> <span class='ocrx_word' id='word_1_54' title='bbox 989 1132 1081 1199; x_wconf 88' lang='lat' dir='ltr'>gentis</span> <span class='ocrx_word' id='word_1_55' title='bbox 1220 1147 1244 1187; x_wconf 81' lang='lat'>3⁵</span> 
     </span>
     <span class='ocr_line' id='line_1_10' title="bbox 382 1206 1212 1276; baseline 0.005 -17"><span class='ocrx_word' id='word_1_56' title='bbox 382 1206 511 1272; x_wconf 85' lang='lat' dir='ltr'>Nomina,</span> <span class='ocrx_word' id='word_1_57' title='bbox 530 1207 653 1276; x_wconf 79' lang='lat' dir='ltr'>Trosque</span> <span class='ocrx_word' id='word_1_58' title='bbox 670 1223 778 1276; x_wconf 87' lang='lat' dir='ltr'>parens,</span> <span class='ocrx_word' id='word_1_59' title='bbox 798 1211 827 1261; x_wconf 82' lang='lat' dir='ltr'>et</span> <span class='ocrx_word' id='word_1_60' title='bbox 845 1208 942 1261; x_wconf 82' lang='lat' dir='ltr'>Troiae</span> <span class='ocrx_word' id='word_1_61' title='bbox 961 1208 1093 1275; x_wconf 74' lang='lat' dir='ltr'>Cynthius</span> <span class='ocrx_word' id='word_1_62' title='bbox 1110 1212 1212 1263; x_wconf 89' lang='lat' dir='ltr'>auctor.</span> 
     </span>
     <span class='ocr_line' id='line_1_11' title="bbox 383 1282 1048 1352; baseline 0.003 -17"><span class='ocrx_word' id='word_1_63' title='bbox 383 1283 494 1337; x_wconf 78' lang='lat' dir='ltr'>Invidia</span> <span class='ocrx_word' id='word_1_64' title='bbox 512 1282 607 1337; x_wconf 79' lang='lat' dir='ltr'>infelix</span> <span class='ocrx_word' id='word_1_65' title='bbox 626 1283 724 1336; x_wconf 78' lang='lat' dir='ltr'>Furias</span> <span class='ocrx_word' id='word_1_66' title='bbox 742 1300 905 1352; x_wconf 90' lang='lat' dir='ltr'>amnemque</span> <span class='ocrx_word' id='word_1_67' title='bbox 924 1300 1048 1337; x_wconf 86' lang='lat' dir='ltr'>sevorum</span> 
     </span>
    </p>

    <p class='ocr_par' dir='ltr' id='par_1_8' title="bbox 382 1359 1008 1428">
     <span class='ocr_line' id='line_1_12' title="bbox 382 1359 1008 1428; baseline 0 -15"><span class='ocrx_word' id='word_1_68' title='bbox 382 1359 480 1428; x_wconf 78' lang='lat' dir='ltr'>Cocyti</span> <span class='ocrx_word' id='word_1_69' title='bbox 498 1363 605 1413; x_wconf 86' lang='lat' dir='ltr'>metuet</span> <span class='ocrx_word' id='word_1_70' title='bbox 624 1363 769 1428; x_wconf 87' lang='lat' dir='ltr'>tortosque</span> <span class='ocrx_word' id='word_1_71' title='bbox 789 1359 894 1413; x_wconf 82' lang='lat' dir='ltr'>Ixionis</span> <span class='ocrx_word' id='word_1_72' title='bbox 913 1359 1008 1427; x_wconf 90' lang='lat' dir='ltr'>anguis</span> 
     </span>
    </p>

    <p class='ocr_par' dir='ltr' id='par_1_9' title="bbox 383 1435 1244 1658">
     <span class='ocr_line' id='line_1_13' title="bbox 383 1435 1151 1509; baseline 0.003 -21"><span class='ocrx_word' id='word_1_73' title='bbox 383 1436 584 1505; x_wconf 89' lang='lat' dir='ltr'>Inmanemque</span> <span class='ocrx_word' id='word_1_74' title='bbox 603 1440 700 1504; x_wconf 88' lang='lat' dir='ltr'>rotam,</span> <span class='ocrx_word' id='word_1_75' title='bbox 719 1440 749 1490; x_wconf 90' lang='lat' dir='ltr'>et</span> <span class='ocrx_word' id='word_1_76' title='bbox 758 1453 821 1509; x_wconf 41' lang='lat' dir='ltr'>snon</span> <span class='ocrx_word' id='word_1_77' title='bbox 840 1435 1031 1505; x_wconf 84' lang='lat' dir='ltr'>exsuperabile</span> <span class='ocrx_word' id='word_1_78' title='bbox 1048 1452 1151 1503; x_wconf 84' lang='lat' dir='ltr'>saxum.</span> 
     </span>
     <span class='ocr_line' id='line_1_14' title="bbox 383 1512 1244 1582; baseline -0.002 -16"><span class='ocrx_word' id='word_1_79' title='bbox 383 1512 499 1567; x_wconf 89' lang='lat' dir='ltr'>Interea</span> <span class='ocrx_word' id='word_1_80' title='bbox 518 1512 659 1581; x_wconf 76' lang='lat' dir='ltr'>Dryadum</span> <span class='ocrx_word' id='word_1_81' title='bbox 677 1512 759 1566; x_wconf 89' lang='lat' dir='ltr'>silvas</span> <span class='ocrx_word' id='word_1_82' title='bbox 779 1513 920 1581; x_wconf 89' lang='lat' dir='ltr'>saltusque</span> <span class='ocrx_word' id='word_1_83' title='bbox 938 1530 1085 1582; x_wconf 87' lang='lat' dir='ltr'>sequamur</span> <span class='ocrx_word' id='word_1_84' title='bbox 1221 1538 1244 1578; x_wconf 80' lang='lat'>4⁰</span> 
     </span>
     <span class='ocr_line' id='line_1_15' title="bbox 383 1588 1066 1658; baseline 0 -15"><span class='ocrx_word' id='word_1_85' title='bbox 383 1588 517 1658; x_wconf 84' lang='lat' dir='ltr'>Intactas,</span> <span class='ocrx_word' id='word_1_86' title='bbox 536 1592 592 1657; x_wconf 90' lang='lat' dir='ltr'>tua,</span> <span class='ocrx_word' id='word_1_87' title='bbox 612 1588 765 1657; x_wconf 82' lang='lat' dir='ltr'>Maecenas,</span> <span class='ocrx_word' id='word_1_88' title='bbox 785 1588 859 1642; x_wconf 87' lang='lat' dir='ltr'>haud</span> <span class='ocrx_word' id='word_1_89' title='bbox 877 1590 969 1643; x_wconf 90' lang='lat' dir='ltr'>mollia</span> <span class='ocrx_word' id='word_1_90' title='bbox 986 1590 1066 1643; x_wconf 80' lang='lat' dir='ltr'>iussa</span> 
     </span>
    </p>

    <p class='ocr_par' dir='ltr' id='par_1_10' title="bbox 382 1664 1245 2039">
     <span class='ocr_line' id='line_1_16' title="bbox 382 1664 1141 1733; baseline 0 -15"><span class='ocrx_word' id='word_1_91' title='bbox 382 1665 422 1718; x_wconf 83' lang='lat' dir='ltr'>Te</span> <span class='ocrx_word' id='word_1_92' title='bbox 441 1665 501 1719; x_wconf 87' lang='lat' dir='ltr'>sine</span> <span class='ocrx_word' id='word_1_93' title='bbox 519 1664 558 1718; x_wconf 89' lang='lat' dir='ltr'>nil</span> <span class='ocrx_word' id='word_1_94' title='bbox 577 1665 664 1719; x_wconf 90' lang='lat' dir='ltr'>altum</span> <span class='ocrx_word' id='word_1_95' title='bbox 683 1681 760 1719; x_wconf 89' lang='lat' dir='ltr'>mens</span> <span class='ocrx_word' id='word_1_96' title='bbox 779 1665 903 1721; x_wconf 88' lang='lat' dir='ltr'>inchoat:</span> <span class='ocrx_word' id='word_1_97' title='bbox 922 1684 956 1719; x_wconf 88' lang='lat' dir='ltr'>en</span> <span class='ocrx_word' id='word_1_98' title='bbox 974 1682 1032 1733; x_wconf 87' lang='lat' dir='ltr'>age,</span> <span class='ocrx_word' id='word_1_99' title='bbox 1051 1665 1141 1732; x_wconf 86' lang='lat' dir='ltr'>segnis</span> 
     </span>
     <span class='ocr_line' id='line_1_17' title="bbox 383 1740 1143 1811; baseline -0.001 -18"><span class='ocrx_word' id='word_1_100' title='bbox 383 1740 495 1811; x_wconf 88' lang='lat' dir='ltr'>Rumpe</span> <span class='ocrx_word' id='word_1_101' title='bbox 514 1758 618 1806; x_wconf 81' lang='lat' dir='ltr'>moras3</span> <span class='ocrx_word' id='word_1_102' title='bbox 637 1745 716 1794; x_wconf 86' lang='lat' dir='ltr'>vocat</span> <span class='ocrx_word' id='word_1_103' title='bbox 734 1741 840 1809; x_wconf 83' lang='lat' dir='ltr'>ingenti</span> <span class='ocrx_word' id='word_1_104' title='bbox 860 1743 977 1795; x_wconf 86' lang='lat' dir='ltr'>clamore</span> <span class='ocrx_word' id='word_1_105' title='bbox 996 1742 1143 1795; x_wconf 80' lang='lat' dir='ltr'>Cithaeron</span> 
     </span>
     <span class='ocr_line' id='line_1_18' title="bbox 382 1816 1194 1887; baseline -0.001 -17"><span class='ocrx_word' id='word_1_106' title='bbox 382 1817 555 1887; x_wconf 81' lang='lat' dir='ltr'>Taygetique</span> <span class='ocrx_word' id='word_1_107' title='bbox 573 1834 654 1871; x_wconf 87' lang='lat' dir='ltr'>canes</span> <span class='ocrx_word' id='word_1_108' title='bbox 673 1816 861 1885; x_wconf 83' lang='lat' dir='ltr'>domitrixque</span> <span class='ocrx_word' id='word_1_109' title='bbox 881 1818 1035 1886; x_wconf 79' lang='lat' dir='ltr'>Epidaurus</span> <span class='ocrx_word' id='word_1_110' title='bbox 1053 1832 1194 1885; x_wconf 89' lang='lat' dir='ltr'>equorum,</span> 
     </span>
     <span class='ocr_line' id='line_1_19' title="bbox 382 1892 1245 1962; baseline 0.001 -16"><span class='ocrx_word' id='word_1_111' title='bbox 382 1893 421 1947; x_wconf 83' lang='lat' dir='ltr'>nt</span> <span class='ocrx_word' id='word_1_112' title='bbox 442 1909 495 1946; x_wconf 84' lang='lat' dir='ltr'>vox</span> <span class='ocrx_word' id='word_1_113' title='bbox 513 1892 632 1947; x_wconf 89' lang='lat' dir='ltr'>adsensu</span> <span class='ocrx_word' id='word_1_114' title='bbox 650 1910 792 1948; x_wconf 90' lang='lat' dir='ltr'>nemorum</span> <span class='ocrx_word' id='word_1_115' title='bbox 812 1895 978 1962; x_wconf 87' lang='lat' dir='ltr'>ingeminata</span> <span class='ocrx_word' id='word_1_116' title='bbox 995 1893 1120 1960; x_wconf 79' lang='lat' dir='ltr'>remugit</span> <span class='ocrx_word' id='word_1_117' title='bbox 1220 1907 1245 1947; x_wconf 71' lang='lat'>45</span> 
     </span>
     <span class='ocr_line' id='line_1_20' title="bbox 382 1969 1084 2039; baseline 0.001 -17"><span class='ocrx_word' id='word_1_118' title='bbox 382 1969 451 2023; x_wconf 87' lang='lat' dir='ltr'>Mox</span> <span class='ocrx_word' id='word_1_119' title='bbox 470 1971 565 2023; x_wconf 85' lang='lat' dir='ltr'>tamen</span> <span class='ocrx_word' id='word_1_120' title='bbox 583 1969 705 2023; x_wconf 88' lang='lat' dir='ltr'>ardentis</span> <span class='ocrx_word' id='word_1_121' title='bbox 725 1971 851 2039; x_wconf 86' lang='lat' dir='ltr'>accingar</span> <span class='ocrx_word' id='word_1_122' title='bbox 870 1970 961 2025; x_wconf 90' lang='lat' dir='ltr'>dicere</span> <span class='ocrx_word' id='word_1_123' title='bbox 978 1986 1084 2039; x_wconf 85' lang='lat' dir='ltr'>pugnae</span> 
     </span>
    </p>

    <p class='ocr_par' dir='ltr' id='par_1_11' title="bbox 383 2045 1103 2117">
     <span class='ocr_line' id='line_1_21' title="bbox 383 2045 1103 2117; baseline 0 -18"><span class='ocrx_word' id='word_1_124' title='bbox 383 2045 517 2113; x_wconf 84' lang='lat' dir='ltr'>Caesaris,</span> <span class='ocrx_word' id='word_1_125' title='bbox 538 2049 567 2100; x_wconf 90' lang='lat' dir='ltr'>et</span> <span class='ocrx_word' id='word_1_126' title='bbox 584 2062 683 2100; x_wconf 89' lang='lat' dir='ltr'>nomen</span> <span class='ocrx_word' id='word_1_127' title='bbox 702 2048 775 2101; x_wconf 78' lang='lat' dir='ltr'>lania</span> <span class='ocrx_word' id='word_1_128' title='bbox 794 2051 837 2101; x_wconf 85' lang='lat' dir='ltr'>tot</span> <span class='ocrx_word' id='word_1_129' title='bbox 855 2047 927 2101; x_wconf 83' lang='lat' dir='ltr'>ferre</span> <span class='ocrx_word' id='word_1_130' title='bbox 945 2064 995 2117; x_wconf 86' lang='lat' dir='ltr'>per</span> <span class='ocrx_word' id='word_1_131' title='bbox 1013 2061 1103 2114; x_wconf 85' lang='lat' dir='ltr'>annos,</span> 
     </span>
    </p>

    <p class='ocr_par' dir='ltr' id='par_1_12' title="bbox 381 2120 1086 2192">
     <span class='ocr_line' id='line_1_22' title="bbox 381 2120 1086 2192; baseline 0.003 -18"><span class='ocrx_word' id='word_1_132' title='bbox 381 2120 494 2175; x_wconf 83' lang='lat' dir='ltr'>&#39;l&#39;ithoni</span> <span class='ocrx_word' id='word_1_133' title='bbox 513 2122 601 2192; x_wconf 89' lang='lat' dir='ltr'>prima</span> <span class='ocrx_word' id='word_1_134' title='bbox 620 2127 687 2192; x_wconf 89' lang='lat' dir='ltr'>quot</span> <span class='ocrx_word' id='word_1_135' title='bbox 707 2122 785 2176; x_wconf 88' lang='lat' dir='ltr'>abest</span> <span class='ocrx_word' id='word_1_136' title='bbox 803 2124 838 2176; x_wconf 91' lang='lat' dir='ltr'>ab</span> <span class='ocrx_word' id='word_1_137' title='bbox 857 2124 960 2191; x_wconf 79' lang='lat' dir='ltr'>origine</span> <span class='ocrx_word' id='word_1_138' title='bbox 980 2124 1086 2177; x_wconf 88' lang='lat' dir='ltr'>Caesar.</span> 
     </span>
    </p>

    <p class='ocr_par' dir='ltr' id='par_1_13' title="bbox 381 2198 1243 2572">
     <span class='ocr_line' id='line_1_23' title="bbox 418 2198 1162 2268; baseline 0.003 -17"><span class='ocrx_word' id='word_1_139' title='bbox 418 2198 474 2252; x_wconf 83' lang='lat' dir='ltr'>Seu</span> <span class='ocrx_word' id='word_1_140' title='bbox 492 2199 561 2268; x_wconf 91' lang='lat' dir='ltr'>quis,</span> <span class='ocrx_word' id='word_1_141' title='bbox 582 2198 755 2268; x_wconf 81' lang='lat' dir='ltr'>Olympiacae</span> <span class='ocrx_word' id='word_1_142' title='bbox 773 2200 890 2252; x_wconf 88' lang='lat' dir='ltr'>miratus</span> <span class='ocrx_word' id='word_1_143' title='bbox 910 2200 1031 2268; x_wconf 89' lang='lat' dir='ltr'>praemia</span> <span class='ocrx_word' id='word_1_144' title='bbox 1049 2199 1162 2268; x_wconf 87' lang='lat' dir='ltr'>palmae,</span> 
     </span>
     <span class='ocr_line' id='line_1_24' title="bbox 381 2274 1243 2345; baseline 0.002 -18"><span class='ocrx_word' id='word_1_145' title='bbox 381 2274 477 2329; x_wconf 86' lang='lat' dir='ltr'>Pascit</span> <span class='ocrx_word' id='word_1_146' title='bbox 496 2292 588 2345; x_wconf 89' lang='lat' dir='ltr'>equos,</span> <span class='ocrx_word' id='word_1_147' title='bbox 607 2291 655 2329; x_wconf 83' lang='lat' dir='ltr'>seu</span> <span class='ocrx_word' id='word_1_148' title='bbox 674 2276 735 2344; x_wconf 91' lang='lat' dir='ltr'>quis</span> <span class='ocrx_word' id='word_1_149' title='bbox 753 2276 832 2329; x_wconf 87' lang='lat' dir='ltr'>fortis</span> <span class='ocrx_word' id='word_1_150' title='bbox 851 2275 887 2328; x_wconf 89' lang='lat' dir='ltr'>ad</span> <span class='ocrx_word' id='word_1_151' title='bbox 905 2279 998 2329; x_wconf 89' lang='lat' dir='ltr'>aratra</span> <span class='ocrx_word' id='word_1_152' title='bbox 1015 2276 1148 2340; x_wconf 83' lang='lat' dir='ltr'>iuvencos,</span> <span class='ocrx_word' id='word_1_153' title='bbox 1218 2290 1243 2329; x_wconf 81' lang='lat' dir='ltr'>to</span> 
     </span>
     <span class='ocr_line' id='line_1_25' title="bbox 382 2351 1182 2421; baseline -0.006 -16"><span class='ocrx_word' id='word_1_154' title='bbox 382 2351 507 2421; x_wconf 89' lang='lat' dir='ltr'>Corpora</span> <span class='ocrx_word' id='word_1_155' title='bbox 521 2353 671 2421; x_wconf 88' lang='lat' dir='ltr'>praecipue</span> <span class='ocrx_word' id='word_1_156' title='bbox 690 2355 808 2406; x_wconf 90' lang='lat' dir='ltr'>matrum</span> <span class='ocrx_word' id='word_1_157' title='bbox 827 2352 910 2420; x_wconf 86' lang='lat' dir='ltr'>legat.</span> <span class='ocrx_word' id='word_1_158' title='bbox 950 2352 1071 2419; x_wconf 88' lang='lat' dir='ltr'>Optuma</span> <span class='ocrx_word' id='word_1_159' title='bbox 1088 2352 1182 2401; x_wconf 80' lang='lat' dir='ltr'>torvae</span> 
     </span>
     <span class='ocr_line' id='line_1_26' title="bbox 382 2424 1178 2499; baseline -0.008 -18"><span class='ocrx_word' id='word_1_160' title='bbox 382 2427 486 2482; x_wconf 84' lang='lat' dir='ltr'>Forma</span> <span class='ocrx_word' id='word_1_161' title='bbox 503 2428 588 2497; x_wconf 83' lang='lat' dir='ltr'>boris,</span> <span class='ocrx_word' id='word_1_162' title='bbox 608 2429 652 2482; x_wconf 93' lang='lat' dir='ltr'>cui</span> <span class='ocrx_word' id='word_1_163' title='bbox 670 2432 752 2499; x_wconf 85' lang='lat' dir='ltr'>turpe</span> <span class='ocrx_word' id='word_1_164' title='bbox 772 2431 862 2497; x_wconf 85' lang='lat' dir='ltr'>caput,</span> <span class='ocrx_word' id='word_1_165' title='bbox 881 2428 924 2481; x_wconf 89' lang='lat' dir='ltr'>cui</span> <span class='ocrx_word' id='word_1_166' title='bbox 943 2426 1061 2495; x_wconf 88' lang='lat' dir='ltr'>plurima</span> <span class='ocrx_word' id='word_1_167' title='bbox 1079 2424 1178 2490; x_wconf 83' lang='lat' dir='ltr'>cervix,</span> 
     </span>
     <span class='ocr_line' id='line_1_27' title="bbox 382 2500 1088 2572; baseline -0.008 -14"><span class='ocrx_word' id='word_1_168' title='bbox 382 2504 421 2558; x_wconf 78' lang='lat' dir='ltr'>nt</span> <span class='ocrx_word' id='word_1_169' title='bbox 440 2500 552 2559; x_wconf 68' lang='lat' dir='ltr'>crurum&#39;</span> <span class='ocrx_word' id='word_1_170' title='bbox 567 2509 649 2560; x_wconf 89' lang='lat' dir='ltr'>tenus</span> <span class='ocrx_word' id='word_1_171' title='bbox 669 2522 685 2559; x_wconf 88' lang='lat' dir='ltr'>a</span> <span class='ocrx_word' id='word_1_172' title='bbox 702 2509 795 2559; x_wconf 82' lang='lat' dir='ltr'>mente</span> <span class='ocrx_word' id='word_1_173' title='bbox 815 2504 935 2572; x_wconf 86' lang='lat' dir='ltr'>palearia</span> <span class='ocrx_word' id='word_1_174' title='bbox 953 2501 1088 2571; x_wconf 88' lang='lat' dir='ltr'>pendent;</span> 
     </span>
    </p>

    <p class='ocr_par' dir='ltr' id='par_1_14' title="bbox 382 2578 1122 2650">
     <span class='ocr_line' id='line_1_28' title="bbox 382 2578 1122 2650; baseline -0.008 -16"><span class='ocrx_word' id='word_1_175' title='bbox 382 2581 454 2635; x_wconf 84' lang='lat' dir='ltr'>&#39;lum</span> <span class='ocrx_word' id='word_1_176' title='bbox 471 2581 551 2650; x_wconf 88' lang='lat' dir='ltr'>longo</span> <span class='ocrx_word' id='word_1_177' title='bbox 570 2582 660 2636; x_wconf 89' lang='lat' dir='ltr'>nullus</span> <span class='ocrx_word' id='word_1_178' title='bbox 679 2582 760 2635; x_wconf 84' lang='lat' dir='ltr'>lateri</span> <span class='ocrx_word' id='word_1_179' title='bbox 779 2580 892 2645; x_wconf 85' lang='lat' dir='ltr'>modus3</span> <span class='ocrx_word' id='word_1_180' title='bbox 909 2578 999 2632; x_wconf 89' lang='lat' dir='ltr'>omnia</span> <span class='ocrx_word' id='word_1_181' title='bbox 1016 2592 1122 2645; x_wconf 84' lang='lat' dir='ltr'>magna,</span> 
     </span>
    </p>

    <p class='ocr_par' dir='ltr' id='par_1_15' title="bbox 382 2653 1243 2803">
     <span class='ocr_line' id='line_1_29' title="bbox 382 2653 1243 2725; baseline -0.003 -16"><span class='ocrx_word' id='word_1_182' title='bbox 382 2656 440 2711; x_wconf 86' lang='lat' dir='ltr'>Pes</span> <span class='ocrx_word' id='word_1_183' title='bbox 457 2657 556 2725; x_wconf 88' lang='lat' dir='ltr'>etiam;</span> <span class='ocrx_word' id='word_1_184' title='bbox 574 2661 603 2711; x_wconf 91' lang='lat' dir='ltr'>et</span> <span class='ocrx_word' id='word_1_185' title='bbox 621 2658 739 2711; x_wconf 89' lang='lat' dir='ltr'>camuris</span> <span class='ocrx_word' id='word_1_186' title='bbox 757 2658 848 2711; x_wconf 89' lang='lat' dir='ltr'>hirtae</span> <span class='ocrx_word' id='word_1_187' title='bbox 867 2656 918 2710; x_wconf 92' lang='lat' dir='ltr'>sub</span> <span class='ocrx_word' id='word_1_188' title='bbox 937 2653 1062 2708; x_wconf 89' lang='lat' dir='ltr'>cornibus</span> <span class='ocrx_word' id='word_1_189' title='bbox 1080 2668 1167 2707; x_wconf 87' lang='lat' dir='ltr'>aures.</span> <span class='ocrx_word' id='word_1_190' title='bbox 1219 2668 1243 2706; x_wconf 78' lang='lat'>55</span> 
     </span>
     <span class='ocr_line' id='line_1_30' title="bbox 383 2730 1088 2803; baseline -0.004 -17"><span class='ocrx_word' id='word_1_191' title='bbox 383 2733 444 2787; x_wconf 86' lang='lat' dir='ltr'>Nec</span> <span class='ocrx_word' id='word_1_192' title='bbox 461 2733 528 2787; x_wconf 90' lang='lat' dir='ltr'>mihi</span> <span class='ocrx_word' id='word_1_193' title='bbox 547 2734 691 2803; x_wconf 89' lang='lat' dir='ltr'>displiceat</span> <span class='ocrx_word' id='word_1_194' title='bbox 710 2735 822 2787; x_wconf 90' lang='lat' dir='ltr'>maculis</span> <span class='ocrx_word' id='word_1_195' title='bbox 841 2732 955 2800; x_wconf 89' lang='lat' dir='ltr'>insignis</span> <span class='ocrx_word' id='word_1_196' title='bbox 972 2735 1001 2785; x_wconf 89' lang='lat' dir='ltr'>et</span> <span class='ocrx_word' id='word_1_197' title='bbox 1019 2730 1088 2797; x_wconf 91' lang='lat' dir='ltr'>albo,</span> 
     </span>
    </p>

    <p class='ocr_par' dir='ltr' id='par_1_16' title="bbox 382 2809 1138 2879">
     <span class='ocr_line' id='line_1_31' title="bbox 382 2809 1138 2879; baseline -0.007 -16"><span class='ocrx_word' id='word_1_198' title='bbox 382 2811 444 2864; x_wconf 86' lang='lat' dir='ltr'>Ant</span> <span class='ocrx_word' id='word_1_199' title='bbox 460 2809 524 2879; x_wconf 89' lang='lat' dir='ltr'>iuga</span> <span class='ocrx_word' id='word_1_200' title='bbox 543 2810 700 2865; x_wconf 86' lang='lat' dir='ltr'>detrectans</span> <span class='ocrx_word' id='word_1_201' title='bbox 719 2809 916 2878; x_wconf 88' lang='lat' dir='ltr'>interdumque</span> <span class='ocrx_word' id='word_1_202' title='bbox 933 2825 1031 2877; x_wconf 90' lang='lat' dir='ltr'>aspera</span> <span class='ocrx_word' id='word_1_203' title='bbox 1047 2822 1138 2873; x_wconf 90' lang='lat' dir='ltr'>cornu,</span> 
     </span>
    </p>

    <p class='ocr_par' dir='ltr' id='par_1_17' title="bbox 382 2885 1107 2957">
     <span class='ocr_line' id='line_1_32' title="bbox 382 2885 1107 2957; baseline -0.007 -16"><span class='ocrx_word' id='word_1_204' title='bbox 382 2888 421 2943; x_wconf 85' lang='lat' dir='ltr'>Ilt</span> <span class='ocrx_word' id='word_1_205' title='bbox 439 2888 535 2942; x_wconf 84' lang='lat' dir='ltr'>faciem</span> <span class='ocrx_word' id='word_1_206' title='bbox 553 2890 633 2941; x_wconf 89' lang='lat' dir='ltr'>tauro</span> <span class='ocrx_word' id='word_1_207' title='bbox 653 2887 771 2957; x_wconf 87' lang='lat' dir='ltr'>propior,</span> <span class='ocrx_word' id='word_1_208' title='bbox 793 2903 918 2956; x_wconf 85' lang='lat' dir='ltr'>quaeque</span> <span class='ocrx_word' id='word_1_209' title='bbox 937 2885 1023 2939; x_wconf 86' lang='lat' dir='ltr'>ardua</span> <span class='ocrx_word' id='word_1_210' title='bbox 1040 2886 1107 2950; x_wconf 86' lang='lat' dir='ltr'>tota,</span> 
     </span>
    </p>

    <p class='ocr_par' dir='ltr' id='par_1_18' title="bbox 382 2962 994 3032">
     <span class='ocr_line' id='line_1_33' title="bbox 382 2962 994 3032; baseline -0.007 -14"><span class='ocrx_word' id='word_1_211' title='bbox 382 2965 420 3018; x_wconf 84' lang='lat' dir='ltr'>Ilt</span> <span class='ocrx_word' id='word_1_212' title='bbox 438 2963 567 3032; x_wconf 78' lang='lat' dir='ltr'>gradIens</span> <span class='ocrx_word' id='word_1_213' title='bbox 584 2964 640 3019; x_wconf 91' lang='lat' dir='ltr'>ima</span> <span class='ocrx_word' id='word_1_214' title='bbox 659 2965 745 3019; x_wconf 80' lang='lat' dir='ltr'>verrit</span> <span class='ocrx_word' id='word_1_215' title='bbox 762 2964 880 3031; x_wconf 81' lang='lat' dir='ltr'>vestigia</span> <span class='ocrx_word' id='word_1_216' title='bbox 898 2962 994 3016; x_wconf 81' lang='lat' dir='ltr'>cauda</span> 
     </span>
    </p>

    <p class='ocr_par' dir='ltr' id='par_1_19' title="bbox 381 3040 1245 3261">
     <span class='ocr_line' id='line_1_34' title="bbox 382 3040 1245 3113; baseline -0.01 -19"><span class='ocrx_word' id='word_1_217' title='bbox 382 3044 472 3094; x_wconf 88' lang='lat' dir='ltr'>Aetas</span> <span class='ocrx_word' id='word_1_218' title='bbox 490 3041 620 3095; x_wconf 85' lang='lat' dir='ltr'>Lucinam</span> <span class='ocrx_word' id='word_1_219' title='bbox 640 3042 782 3113; x_wconf 89' lang='lat' dir='ltr'>iustosque</span> <span class='ocrx_word' id='word_1_220' title='bbox 801 3040 860 3110; x_wconf 87' lang='lat' dir='ltr'>pati</span> <span class='ocrx_word' id='word_1_221' title='bbox 878 3040 1040 3108; x_wconf 87' lang='lat' dir='ltr'>hymenaeos</span> <span class='ocrx_word' id='word_1_222' title='bbox 1220 3046 1245 3085; x_wconf 83' lang='lat' dir='ltr'>eo</span> 
     </span>
     <span class='ocr_line' id='line_1_35' title="bbox 381 3114 1163 3189; baseline -0.013 -18"><span class='ocrx_word' id='word_1_223' title='bbox 381 3114 492 3171; x_wconf 85' lang='lat' dir='ltr'>Desinit</span> <span class='ocrx_word' id='word_1_224' title='bbox 510 3121 575 3171; x_wconf 87' lang='lat' dir='ltr'>ante</span> <span class='ocrx_word' id='word_1_225' title='bbox 596 3119 699 3188; x_wconf 86' lang='lat' dir='ltr'>decem,</span> <span class='ocrx_word' id='word_1_226' title='bbox 717 3123 781 3189; x_wconf 92' lang='lat' dir='ltr'>post</span> <span class='ocrx_word' id='word_1_227' title='bbox 800 3119 933 3188; x_wconf 89' lang='lat' dir='ltr'>quattuor</span> <span class='ocrx_word' id='word_1_228' title='bbox 951 3114 1046 3182; x_wconf 87' lang='lat' dir='ltr'>incipit</span> <span class='ocrx_word' id='word_1_229' title='bbox 1064 3125 1163 3174; x_wconf 87' lang='lat' dir='ltr'>annos;</span> 
     </span>
     <span class='ocr_line' id='line_1_36' title="bbox 382 3188 1098 3261; baseline -0.014 -13"><span class='ocrx_word' id='word_1_230' title='bbox 382 3194 485 3248; x_wconf 85' lang='lat' dir='ltr'>Cetera</span> <span class='ocrx_word' id='word_1_231' title='bbox 501 3210 553 3249; x_wconf 87' lang='lat' dir='ltr'>nce</span> <span class='ocrx_word' id='word_1_232' title='bbox 571 3196 681 3248; x_wconf 81' lang='lat' dir='ltr'>feturae</span> <span class='ocrx_word' id='word_1_233' title='bbox 699 3194 806 3261; x_wconf 89' lang='lat' dir='ltr'>habilis,</span> <span class='ocrx_word' id='word_1_234' title='bbox 826 3210 877 3247; x_wconf 90' lang='lat' dir='ltr'>nec</span> <span class='ocrx_word' id='word_1_235' title='bbox 895 3192 975 3245; x_wconf 84' lang='lat' dir='ltr'>fortis</span> <span class='ocrx_word' id='word_1_236' title='bbox 993 3188 1098 3241; x_wconf 87' lang='lat' dir='ltr'>aratris.</span> 
     </span>
    </p>
   </div>
   <div class='ocr_carea' id='block_1_3' title="bbox 351 3266 1268 3657">
    <p class='ocr_par' dir='ltr' id='par_1_20' title="bbox 351 3266 1268 3657">
     <span class='ocr_line' id='line_1_37' title="bbox 383 3266 1113 3341; baseline -0.015 -16"><span class='ocrx_word' id='word_1_237' title='bbox 383 3271 504 3339; x_wconf 89' lang='lat' dir='ltr'>Interea,</span> <span class='ocrx_word' id='word_1_238' title='bbox 525 3276 637 3340; x_wconf 87' lang='lat' dir='ltr'>superat</span> <span class='ocrx_word' id='word_1_239' title='bbox 655 3272 785 3341; x_wconf 87' lang='lat' dir='ltr'>gregibus</span> <span class='ocrx_word' id='word_1_240' title='bbox 806 3271 871 3323; x_wconf 94' lang='lat' dir='ltr'>dum</span> <span class='ocrx_word' id='word_1_241' title='bbox 891 3269 964 3322; x_wconf 88' lang='lat' dir='ltr'>laeta</span> <span class='ocrx_word' id='word_1_242' title='bbox 981 3266 1113 3327; x_wconf 87' lang='lat' dir='ltr'>iuventas,</span> 
     </span>
     <span class='ocr_line' id='line_1_38' title="bbox 382 3339 1176 3416; baseline -0.018 -13"><span class='ocrx_word' id='word_1_243' title='bbox 382 3348 464 3403; x_wconf 81' lang='lat' dir='ltr'>Solve</span> <span class='ocrx_word' id='word_1_244' title='bbox 484 3364 591 3415; x_wconf 79' lang='lat' dir='ltr'>mares3</span> <span class='ocrx_word' id='word_1_245' title='bbox 609 3350 689 3402; x_wconf 87' lang='lat' dir='ltr'>mitte</span> <span class='ocrx_word' id='word_1_246' title='bbox 707 3349 735 3402; x_wconf 91' lang='lat' dir='ltr'>in</span> <span class='ocrx_word' id='word_1_247' title='bbox 755 3348 896 3402; x_wconf 87' lang='lat' dir='ltr'>Venerem</span> <span class='ocrx_word' id='word_1_248' title='bbox 915 3343 1044 3416; x_wconf 86' lang='lat' dir='ltr'>pecuaria</span> <span class='ocrx_word' id='word_1_249' title='bbox 1059 3339 1176 3410; x_wconf 65' lang='lat' dir='ltr'>primus,</span> 
     </span>
     <span class='ocr_line' id='line_1_39' title="bbox 375 3419 1268 3495; baseline -0.01 -18"><span class='ocrx_word' id='word_1_250' title='bbox 375 3428 475 3489; x_wconf 75' lang='lat' dir='ltr'>Atque</span> <span class='ocrx_word' id='word_1_251' title='bbox 490 3424 572 3475; x_wconf 86' lang='lat' dir='ltr'>aliam</span> <span class='ocrx_word' id='word_1_252' title='bbox 592 3441 627 3479; x_wconf 86' lang='lat' dir='ltr'>ex</span> <span class='ocrx_word' id='word_1_253' title='bbox 644 3425 700 3479; x_wconf 89' lang='lat' dir='ltr'>alia</span> <span class='ocrx_word' id='word_1_254' title='bbox 716 3425 882 3495; x_wconf 85' lang='lat' dir='ltr'>generando</span> <span class='ocrx_word' id='word_1_255' title='bbox 902 3423 1001 3479; x_wconf 87' lang='lat' dir='ltr'>suffice</span> <span class='ocrx_word' id='word_1_256' title='bbox 1018 3419 1140 3494; x_wconf 85' lang='lat' dir='ltr'>prolem.</span> <span class='ocrx_word' id='word_1_257' title='bbox 1239 3427 1268 3463; x_wconf 67' lang='lat' dir='ltr'>ue</span> 
     </span>
     <span class='ocr_line' id='line_1_40' title="bbox 366 3496 1147 3580; baseline -0.01 -23"><span class='ocrx_word' id='word_1_258' title='bbox 366 3496 488 3580; x_wconf 72' lang='lat' dir='ltr'>Optuma</span> <span class='ocrx_word' id='word_1_259' title='bbox 506 3514 638 3569; x_wconf 82' lang='lat' dir='ltr'>quaeque</span> <span class='ocrx_word' id='word_1_260' title='bbox 656 3501 721 3558; x_wconf 86' lang='lat' dir='ltr'>dies</span> <span class='ocrx_word' id='word_1_261' title='bbox 741 3505 861 3561; x_wconf 90' lang='lat' dir='ltr'>miseris</span> <span class='ocrx_word' id='word_1_262' title='bbox 878 3502 1059 3560; x_wconf 74' lang='lat' dir='ltr'>mortalibus</span> <span class='ocrx_word' id='word_1_263' title='bbox 1077 3496 1147 3554; x_wconf 75' lang='lat' dir='ltr'>aeui</span> 
     </span>
     <span class='ocr_line' id='line_1_41' title="bbox 351 3566 1194 3657; baseline -0.001 -17"><span class='ocrx_word' id='word_1_264' title='bbox 351 3566 449 3619; x_wconf 61' lang='grc' dir='ltr'>ΡΜ</span> <span class='ocrx_word' id='word_1_265' title='bbox 463 3568 556 3637; x_wconf 54' lang='lat' dir='ltr'>faigm</span> <span class='ocrx_word' id='word_1_266' title='bbox 573 3578 705 3638; x_wconf 76' lang='lat' dir='ltr'>subeunt</span> <span class='ocrx_word' id='word_1_267' title='bbox 724 3583 826 3641; x_wconf 90' lang='lat' dir='ltr'>morbi</span> <span class='ocrx_word' id='word_1_268' title='bbox 847 3584 1017 3657; x_wconf 84' lang='lat' dir='ltr'>tristisque</span> <span class='ocrx_word' id='word_1_269' title='bbox 1034 3580 1194 3641; x_wconf 60' lang='lat' dir='ltr'>senectus»</span> 
     </span>
    </p>
   </div>
   <div class='ocr_carea' id='block_1_4' title="bbox 0 0 1627 4159">
    <p class='ocr_par' dir='ltr' id='par_1_21' title="bbox 0 0 1627 4159">
     <span class='ocr_line' id='line_1_42' title="bbox 0 0 1627 4159; baseline 0 0"><span class='ocrx_word' id='word_1_270' title='bbox 0 0 1627 4159; x_wconf 95' lang='lat' dir='ltr'> </span> 
     </span>
    </p>
   </div>
  </div>
 </body>
</html>
