3242 4159
490 519 697 568 GEORGIOON
714 519 784 568 LIB.
803 520 841 568 IL
1062 524 1093 571 48

341 615 399 663 ere3
416 598 468 651 huc
486 600 599 652 summis
616 599 758 668 liquuntur
775 599 890 668 rupibus
906 615 1007 670 annues,

341 687 406 743 nque
424 675 538 727 trahunt
556 675 784 743 limum-quique
802 678 893 731 editus
909 681 1011 743 austro,
1058 717 1060 728 .

341 769 385 808 em
403 753 493 805 curvis
511 752 625 806 invisam
644 754 732 821 pascit
750 756 862 809 aratris:

341 831 354 882 »i
371 827 542 899 praevalidas
562 829 626 882 olim
644 825 916 899 multoque'fluentis
1054 845 1092 885 rau

342 911 355 960 t
373 906 480 959 Baccho
499 905 569 972 vitis,
589 905 633 959 hic
650 905 748 960 fertilis
766 922 842 976 uvae,

341 985 399 1046 icis,
418 984 526 1051 qualem
545 983 648 1050 pateris
666 982 782 1036 libamus
799 986 829 1037 et
846 1000 920 1051 auro,

341 1076 421 1113 rcum
439 1060 547 1127 pinguis
565 1059 634 1113 ebur
652 1059 807 1127 Tyrrhenus
826 1059 862 1113 ad
879 1076 942 1114 aras
1042 1076 1045 1082 '

341 1154 367 1189 rs
385 1144 415 1189 et
432 1136 530 1203 pandis
547 1134 680 1188 fumantia
698 1135 839 1189 reddimus
857 1140 928 1190 exta

341 1216 420 1265 nanta
437 1212 522 1279 magis
541 1211 663 1264 studium
680 1212 834 1281 vitulosque
852 1213 930 1281 tueri,
1057 1225 1091 1267 1⁹5

341 1292 382 1341 tus
401 1288 498 1356 ovium,
516 1291 564 1341 aut
581 1288 687 1341 urentis
705 1288 778 1341 culta
796 1289 920 1357 capellas,

341 1368 370 1417 et
389 1364 474 1417 saturi
491 1364 581 1432 petito
598 1363 746 1433 longinqua
763 1364 881 1432 Tarenti,

340 1440 394 1493 lem
412 1440 506 1493 infelix
524 1440 614 1494 amisit
633 1439 748 1494 Mantua
766 1457 899 1509 campum,

341 1520 391 1569 tem
410 1516 502 1569 niveos
521 1515 636 1568 herboso
656 1515 766 1571 flumine
785 1533 898 1584 cycnos:

341 1591 405 1658 [uidi
422 1591 551 1659 gregibus
569 1591 666 1658 fontes,
683 1608 737 1645 non
754 1594 879 1660 gramina
896 1592 1019 1662 deerunt,
1050 1608 1087 1648 sm

341 1670 425 1720 tntum
443 1666 530 1735 longis
548 1672 662 1735 carpent
680 1672 805 1721 armenta
824 1668 928 1733 diebus,

351 1746 459 1796 tantum
477 1743 583 1810 gelidus
601 1755 652 1796 ros¹
664 1747 743 1797 nocte
763 1746 886 1812 reponet.

341 1820 391 1872 t'ere
410 1823 439 1872 ct
456 1836 550 1887 presso
569 1820 674 1888 pinguis
693 1819 744 1872 sub
762 1835 872 1873 vomere
889 1821 972 1885 terra,

344 1899 426 1964 putre
444 1895 692 1963 solum—namque
709 1894 760 1948 hoc
778 1895 918 1948 imitamur
935 1893 1071 1947 arando-

341 1989 349 2023 ι
366 1971 528 2034 frumentis3
545 1987 599 2023 non
618 1971 673 2024 ullo
691 1987 726 2024 ex
743 1986 863 2039 aequore
880 1986 975 2024 cernes
1050 1983 1089 2024 aus

341 2047 439 2100 lomum
457 2046 544 2100 tardis
563 2047 696 2101 decedere
713 2047 837 2116 plaustra
853 2045 990 2111 iuvencis;

342 2122 378 2175 de
395 2123 481 2175 iratus
500 2123 595 2175 silvam
615 2123 725 2177 devexit
745 2127 839 2177 mator

341 2214 392 2251 ,ora
411 2200 511 2252 evertit
530 2199 631 2253 multos
649 2200 747 2267 ignava
764 2217 925 2270 perennes,

341 2291 417 2343 usque
436 2274 532 2328 domos
551 2276 640 2328 avium
659 2293 719 2329 cum
740 2276 871 2345 stirpibus
887 2275 949 2329 imis

340 2350 403 2403 illac
421 2349 507 2403 altum
526 2351 596 2419 nidis
614 2352 719 2420 petiere
738 2353 858 2416 relictis3
1049 2360 1088 2401 21⁰

341 2427 362 2479 is
380 2426 478 2479 enituit
496 2427 601 2495 inpulso
619 2442 730 2480 vomere
748 2444 866 2494 campus.

342 2503 405 2556 iuna
424 2504 535 2572 quidem
553 2503 644 2556 clivosi
662 2502 756 2568 glarea
772 2503 844 2555 ruris

341 2579 407 2631 milis
425 2579 522 2647 apibus
542 2581 626 2633 casias
645 2594 790 2646 roremque
807 2578 961 2643 ministrat;

341 2671 353 2707 s
372 2656 471 2721 scaber,
491 2660 520 2711 et
539 2656 622 2722 nigris
642 2670 723 2707 exesa
740 2654 875 2721 chelydris

341 2736 429 2799 regant
448 2733 514 2787 alios
535 2747 622 2800 aeque
642 2730 815 2798 serpentibus
833 2746 913 2798 agros
1049 2744 1087 2787 ars

357 2808 429 2862 ferre
450 2809 540 2863 cibum
559 2811 588 2860 et
606 2824 701 2861 curvas
721 2807 854 2876 praebere
871 2804 998 2859 latebras

341 2901 431 2938 muem
451 2885 562 2938 exhalat
579 2883 706 2938 nebulam
725 2884 870 2952 fumosque
887 2880 1009 2948 volucris,

341 2964 350 3013 t
368 2960 515 3026 humorem,
535 2964 571 3028 et,
590 2978 651 3014 cum
671 2961 735 3027 volt,
757 2977 791 3014 ex
809 2977 839 3015 se
855 2962 916 3030 ipsa
932 2955 1058 3021 remittit,

342 3055 358 3092 e
376 3056 424 3092 suo
444 3055 551 3106 semper
570 3038 664 3091 viridis
685 3055 715 3091 se
733 3038 856 3106 gramine
874 3034 964 3098 vestit,

341 3115 393 3167 lue
412 3119 440 3169 et
460 3113 531 3165 salsa
550 3113 637 3167 laedit
656 3113 778 3182 robigine
796 3114 907 3178 ferrum,
1048 3120 1085 3158 2²⁰

341 3190 446 3244 ilaetis
464 3191 570 3243 intexet
589 3189 689 3243 vitibus
708 3190 804 3255 ulmos,

341 3285 374 3320 ax
393 3268 469 3321 oleae
487 3271 537 3333 est,
556 3267 630 3320 illam
651 3266 792 3334 experiere
810 3260 924 3315 colendo

341 3358 380 3393 em
396 3344 493 3407 pecori
511 3348 541 3398 et
556 3345 716 3413 patientem
734 3339 857 3397 vomeris
871 3334 942 3393 und.

341 3416 400 3467 ires
416 3422 480 3471 arat
503 3421 601 3490 Capua
621 3426 652 3478 ct
672 3423 769 3478 vicina
785 3418 906 3473 Vesere

355 3492 385 3539 et
406 3495 503 3548 vacuis
525 3497 646 3556 Clanius
666 3519 728 3557 non
748 3514 866 3571 aequus
889 3488 1023 3551 narra
1093 3484 1126 3525 Ἠ

341 3575 381 3612 uo
395 3581 551 3644 qiuamque
565 3579 663 3637 mode
676 3580 780 3655 possit
790 3587 1001 3649 Wssssoffiffi’
1012 3563 1125 3659 &Q
