3242 4159
375 541 423 593 288
602 536 632 586 P.
650 535 806 585 VERGILI
823 532 991 583 MARONIS

376 621 438 674 Hoc
454 623 548 674 tamen
565 616 663 670 infelix
680 615 808 670 miseram
826 614 950 670 solabere
966 617 1104 671 mortem:

377 698 488 750 Aeneae
505 694 597 761 magni
617 694 716 746 dextra
734 693 816 747 oadie.
852 693 984 760 Increpat
1001 692 1077 746 ultro
1191 706 1224 746 aa]

376 772 538 827 Cunctantis
556 771 649 837 socios,
668 774 696 824 et
714 774 790 824 terra
807 769 933 822 sublevat
949 769 1048 837 ipsum,
1270 778 1274 792 ·

376 849 513 916 Sanguine
531 852 689 916 turpantem
707 850 831 914 comptos
848 846 884 898 de
901 862 978 899 more
995 845 1116 914 capillos.

412 924 523 978 Interea
539 924 648 992 genitor
665 922 785 976 Tiberini
803 923 840 975 ad
857 922 976 975 fluminis
993 922 1100 976 undam

378 1001 496 1054 Volnera
514 999 632 1053 siccabat
649 1000 775 1069 lymphis,
793 1015 946 1068 corpusque
962 998 1077 1053 levabat

378 1076 494 1130 Arboris
512 1076 626 1129 adclinis
643 1080 747 1129 trunco.
785 1076 884 1129 Procul
901 1091 983 1129 aerea
994 1076 1080 1129 ramis
1194 1088 1226 1127 au

378 1154 523 1220 Dependet
539 1152 625 1220 galea,
643 1156 672 1207 et
689 1157 769 1221 prato
787 1152 881 1221 gravia
898 1168 975 1205 arma
993 1151 1147 1220 quiescunt

378 1231 458 1282 Stant
476 1229 540 1282 lecti
559 1229 662 1283 circum
680 1230 807 1294 iuvenes;
830 1228 890 1296 ipse
907 1245 997 1296 aeger,
1015 1228 1155 1296 anhelans,

378 1304 454 1357 Colla
472 1306 553 1373 fovet,
571 1306 648 1359 lusus
666 1321 815 1374 propexam
833 1305 862 1357 in
878 1308 990 1373 pectore
1006 1304 1138 1370 barbam;

378 1381 467 1434 Multa
485 1398 567 1451 super
586 1384 675 1435 Lauso
693 1382 802 1449 rogitat,
827 1381 984 1449 multosque
1001 1381 1130 1446 remittit,

379 1456 431 1521 Qui
450 1462 585 1525 revocent,
603 1458 756 1526 maestique
773 1457 864 1510 ferant
881 1457 1012 1510 mandata
1028 1458 1162 1526 parentis
1195 1470 1229 1509 su

380 1534 420 1586 At
439 1533 558 1586 Lausum
577 1534 642 1587 socii
660 1534 813 1587 exanimem
832 1549 914 1601 super
931 1549 1008 1585 arma
1025 1533 1156 1587 ferebant

381 1609 499 1676 Flentes,
518 1610 656 1676 ingentem
674 1613 758 1677 atque
775 1610 880 1676 ingenti
898 1609 1008 1662 volnere
1025 1610 1137 1663 victum

380 1686 520 1752 Adgnovit
537 1685 617 1753 longe
634 1686 767 1753 gemitum
786 1702 919 1754 praesaga
937 1684 1001 1737 mali
1018 1702 1105 1742 mens

381 1761 514 1815 Canitiem
532 1762 619 1815 multo
637 1761 773 1816 deformat
790 1761 910 1830 pulvere,
928 1765 959 1815 et
975 1760 1072 1814 ambas

381 1836 427 1889 Ad
444 1838 549 1891 caelum
567 1838 660 1892 tendit
676 1838 787 1907 palmas,
808 1842 838 1891 et
855 1854 969 1906 corpore
986 1837 1123 1893 inhaeret.
1198 1852 1232 1891 ers

380 1912 501 1966 'lantame
519 1931 563 1967 me
581 1913 805 1981 tenuit‘vivendi,
824 1918 895 1980 nate,
913 1913 1045 1981 voluptas,

381 1988 420 2040 Ut
436 2005 486 2055 pro
504 2005 548 2041 me
565 1990 658 2042 hostili
675 1992 786 2057 paterer
803 1989 949 2043 succedere
966 1989 1091 2058 dextrae,

381 2064 467 2128 Quem
485 2064 584 2130 genuil
609 2065 701 2117 Tuane
718 2064 785 2118 haec
803 2066 911 2132 genitor
928 2082 979 2133 per
995 2065 1109 2119 volnera
1126 2081 1225 2130 servor,

381 2138 471 2191 Morte
490 2142 539 2191 tua
556 2139 668 2193 vivensl
694 2140 766 2207 Heu,
785 2157 857 2194 nunc
874 2141 974 2194 misero
991 2141 1058 2193 mihi
1078 2142 1191 2195 demum
1272 2202 1273 2206 Ἰ

381 2214 512 2267 Exsilium
530 2214 638 2269 infelix!
658 2231 729 2268 nunc
747 2216 804 2269 alte
822 2217 918 2270 volnus
935 2217 1078 2271 adactum!
1198 2232 1232 2270 eto

383 2290 461 2344 Idem
479 2306 537 2358 ego,
555 2294 628 2359 nate,
646 2294 725 2345 tuum
743 2293 876 2345 maculavi
892 2293 1005 2346 crimine
1022 2309 1129 2361 nomen,

381 2366 479 2420 Pulsus
496 2367 532 2420 ob
550 2366 681 2421 iuvidiam
700 2368 767 2420 solio
786 2370 958 2437 sceptrisque
975 2369 1107 2437 paternis.

381 2442 537 2497 Debueram
554 2444 662 2512 patriae
679 2460 782 2512 poenas
800 2444 926 2513 odiisque
943 2459 1080 2499 meorum:

381 2519 476 2573 Omnis
492 2536 542 2589 per
559 2521 656 2574 mortis
673 2521 791 2574 animam
809 2524 916 2573 sontem
933 2521 993 2589 ipse
1010 2520 1164 2577 dedissem!

380 2595 407 2647 N
409 2612 461 2649 uno
472 2596 541 2663 vivo,
554 2613 644 2665 neque
656 2596 746 2650 adhuc
757 2596 881 2649 homines
893 2597 1037 2664 lucemque
1047 2597 1183 2666 relinquo.
1198 2615 1234 2654 aes

381 2671 437 2724 Sed
454 2671 585 2739 linquam.
611 2672 697 2725 Simul
715 2671 766 2725 hoc
784 2671 878 2725 dicens
895 2672 999 2725 attollit
1015 2673 1043 2725 in
1060 2681 1177 2741 aegrum¹

381 2745 416 2798 Se
434 2747 530 2812 femur,
551 2752 586 2813 et,
606 2764 772 2815 quamquam
789 2749 831 2801 ris
848 2748 905 2801 alto
922 2748 1032 2802 volnere
1049 2750 1153 2817 tardat,

381 2821 467 2875 Haud
484 2821 606 2875 deiectus
625 2839 725 2889 equum
744 2823 806 2877 duci
823 2824 910 2879 iubet.
935 2825 997 2878 Hoc
1014 2825 1098 2878 decus
1115 2827 1165 2894 illi,

381 2897 443 2951 Hoc
461 2898 580 2951 solamen
599 2901 672 2962 erat;
690 2897 769 2951 bellis
788 2899 840 2952 hoo
857 2901 945 2954 victor
961 2899 1056 2955 abibat

381 2972 521 3028 Omnibus.
547 2974 715 3041 Adloquitur
733 2980 910 3044 maerentem,
929 2981 958 3031 et
975 2976 1077 3031 talibus
1095 2977 1172 3033 infit:
1199 2994 1234 3032 suo

381 3048 502 3118 Rhaebe,
521 3050 575 3117 diu,
594 3068 638 3103 res
657 3050 679 3103 si
698 3051 819 3118 quadiu
836 3051 999 3105 mortalibus
1015 3052 1072 3106 ulla
1090 3056 1141 3121 cst,
1226 3052 1229 3057 ’

381 3126 515 3180 Viximus.
548 3129 608 3180 Aut
625 3127 707 3181 hodie
725 3128 814 3181 victor
831 3119 917 3195 spolia
934 3128 981 3181 illa
998 3129 1113 3182 cruenta

381 3200 418 3253 Et
436 3207 518 3271 caput
538 3204 647 3257 Aeneae
665 3203 774 3269 referes,
793 3204 931 3271 Lausique
949 3204 1074 3258 dolorum

380 3275 463 3329 Ultor
480 3280 535 3331 eris
552 3296 665 3345 mecum,
684 3285 739 3347 aut,
758 3281 848 3349 aperit
866 3281 889 3333 si
906 3281 981 3334 nulla
998 3281 1069 3335 viam
1086 3282 1136 3348 vis,

381 3349 534 3406 Oooumbes
548 3355 670 3423 paritor3
691 3373 781 3425 neque
799 3358 879 3423 enim,
897 3357 1052 3426 fortissime,
1069 3358 1166 3427 credo,
1202 3374 1238 3414 eos

366 3423 450 3485 Iussa
467 3431 563 3488 aliena
581 3433 642 3506 pati
663 3436 695 3489 et
713 3433 842 3488 dominos
859 3433 1007 3499 dignabere
1017 3434 1151 3486 'leuues

350 3500 446 3577 Dixit,
468 3515 504 3568 et
523 3517 671 3585 exceptus
690 3516 777 3582 tergo
795 3512 932 3565 consueta
943 3505 1068 3585 locauit·
1169 3573 1177 3585 ἢ

343 3575 494 3661 Πθωδνα,
516 3608 695 3664 manusque
714 3588 822 3645 arubae
838 3580 943 3639 iacintus
960 3575 1092 3629 onerant
1105 3576 1213 3632 aeuus,
