3242 4159
617 816 648 867 P.
666 813 821 865 VERGILI
837 810 1003 863 MARONIS

582 967 1041 1047 AENEIDOS
1143 939 1147 945 ’

641 1170 758 1226 LIBER
788 1167 985 1225 SEPTIMUS.

759 1330 862 1358 —e—

390 1445 432 1499 Tu
449 1459 557 1513 queque
567 1440 700 1513 ¹litoribus
717 1442 827 1508 nostris,
846 1443 952 1496 Aeneis
967 1440 1070 1510 nunti-ix,

391 1522 542 1575 Aeternam
559 1517 678 1570 moriens
695 1516 803 1584 famem,
823 1518 926 1584 Caieta,
945 1516 1076 1582 dedisti3⁸
1146 1525 1148 1530 '

391 1597 428 1650 Et
444 1610 515 1648 nune
533 1596 623 1647 servat
639 1591 724 1645 hones
743 1593 837 1646 sedem
855 1597 927 1661 tuus,
946 1609 1062 1662 ossaque
1079 1608 1182 1648 nomen

390 1670 528 1738 Hesperia
544 1669 573 1721 in
590 1684 696 1736 magna,
715 1670 738 1722 si
756 1685 810 1737 qua
829 1673 872 1722 est
889 1686 922 1723 ea
938 1668 1033 1737 glorie,
1052 1669 1151 1733 dgnus

391 1747 433 1800 At
449 1745 512 1815 pius
529 1745 666 1813 exsequiis
685 1746 793 1799 Aeneas
811 1746 866 1799 n’te
883 1745 987 1811 solutis,
1230 1758 1244 1798 e

391 1824 503 1890 Aggere
520 1822 660 1890 conposite
677 1821 783 1887 tumuli,
801 1824 946 1890 postquam
963 1821 1019 1875 alta
1037 1820 1169 1888 quierunt

391 1899 529 1966 Aequora,
547 1897 638 1951 tendit
654 1896 711 1949 iter
727 1896 802 1963 velis,
819 1900 985 1965 portumque
1002 1897 1141 1965 relinquit

391 1973 544 2043 Adspirant
561 1989 643 2025 aurae
659 1972 688 2024 in
705 1975 822 2040 noctem,
840 1988 891 2027 nee
908 1972 1024 2026 eandida
1041 1988 1138 2025 cursus

390 2048 470 2103 Luna
486 2052 577 2116 negat,
597 2046 723 2115 splendet
739 2050 857 2101 tremulo
876 2047 927 2101 snb
945 2048 1046 2101 lumine
1062 2051 1171 2115 pontus.

391 2124 529 2179 Proxuma
547 2124 674 2177 (timaeus
691 2122 827 2178 raduntur
844 2124 925 2177 litora
946 2126 1044 2191 terrae,
1218 2137 1242 2178 le

391 2199 476 2255 Dives
493 2200 642 2254 inaccessos
660 2199 708 2253 ubi
726 2198 796 2252 Solis
814 2200 870 2252 iilia
887 2199 961 2253 lueos

391 2277 518 2332 Adsiduo
536 2278 646 2331 resonat
663 2279 751 2341 mutu,
771 2276 906 2343 tectisque
924 2275 1049 2344 superbis

391 2352 457 2407 Urit
475 2354 617 2408 odoratam
634 2356 766 2406 nocturna
784 2353 810 2403 in
830 2352 934 2404 lumina
950 2350 1090 2420 cedrum,-

392 2430 503 2499 Argute
520 2431 610 2483 tenuis
627 2444 790 2498 percurrens
809 2427 917 2496 pectine
934 2427 1011 2481 telas.

393 2504 466 2559 Hine
483 2505 606 2559 exaudiri
623 2504 741 2573 gemitus
759 2505 872 2571 iraeque
890 2503 1005 2568 leonum,
1218 2519 1243 2558 is

392 2579 490 2634 Vincla
506 2584 679 2633 recusantum
698 2583 727 2632 et
745 2596 805 2632 sera
824 2578 973 2632 subnecte
990 2580 1148 2649 rudentum,

392 2654 580 2723 Saetigerique
599 2671 661 2707 sues
679 2659 762 2722 atque
780 2656 808 2708 in
827 2654 1005 2723 praesepibus
1022 2656 1080 2708 ursi

393 2731 510 2797 Saevire,
528 2747 559 2783 ae
576 2730 679 2783 formae
697 2746 856 2798 niagnerum
874 2731 979 2787 ululare
997 2731 1130 2800 luporum,

393 2808 467 2873 Quos
484 2807 622 2862 hominum
640 2823 674 2859 ex
692 2806 760 2859 facie
778 2808 832 2861 dea
849 2824 930 2861 saeva
947 2809 1108 2876 potentibus
1125 2808 1222 2863 herbis

392 2884 527 2938 Induerat
545 2883 623 2937 Circe
640 2883 667 2935 in
686 2883 776 2935 voltus
794 2900 826 2936 ae
843 2887 922 2951 terga
939 2884 1064 2937 serarum.
1220 2898 1245 2939 ab

393 2961 469 3024 Quae
486 2977 521 3014 ne
538 2962 660 3013 monstra
677 2960 714 3029 pii
733 2963 895 3029 paterentur
912 2960 979 3013 talia
996 2960 1081 3015 'trees

392 3035 486 3090 Delati
502 3037 531 3090 iu
549 3040 652 3105 pertus,
670 3052 724 3089 neu
741 3036 823 3089 litera
840 3035 901 3088 dira
918 3036 1051 3102 subirent,

393 3111 539 3182 Neptunus
555 3113 644 3167 ventis
661 3112 776 3181 inplevit
793 3111 854 3165 vela
872 3111 1005 3178 secundis,

394 3188 489 3258 Atque
507 3189 599 3257 fugam
619 3188 705 3255 dedit,
724 3191 752 3241 et
769 3190 882 3256 praeter
899 3188 971 3241 vada
988 3188 1095 3242 fervida
1112 3190 1197 3245 rexit

424 3265 543 3332 Jamque
560 3263 722 3318 rubescebat
740 3263 825 3316 radiis
844 3280 926 3331 mare,
945 3268 975 3318 et
992 3264 1105 3318 aethere
1123 3265 1158 3319 ub
1176 3265 1236 3321 alte

377 3341 492 3394 Aurora
509 3340 540 3395 in
560 3340 650 3397 roseis
668 3340 800 3412 fulgebat
815 3340 897 3395 lutea
908 3340 1000 3407 bigis:

363 3414 436 3469 Cum
460 3420 542 3475 renti
556 3438 697 3493 posuere,
718 3420 871 3489 omnisque
889 3416 1011 3484 repente
1025 3412 1135 3463 resedit

350 3486 460 3565 Plutus,
482 3499 519 3551 et
538 3499 569 3555 in
590 3500 679 3558 lente
700 3500 859 3558 luctantur
878 3501 1030 3548 marmore
1043 3488 1156 3537 tums-
