3242 4159
621 531 805 583 AENEIDOS
820 533 892 585 LIB.
910 534 978 587 XII.
1186 538 1232 586 88⁶

378 610 499 681 Occidit,
515 610 703 683 occideritque
720 613 795 669 sinas
810 630 874 670 cum
890 615 1001 671 nomine
1017 614 1106 674 troia

378 688 435 745 Olli
452 688 600 745 subridens
616 689 758 746 hominum
774 706 923 760 rerumque
939 695 1080 763 repertor:
1103 697 1115 714 ⁰

376 764 417 821 Ile
433 782 564 836 germana
582 765 657 822 Iovis
669 768 836 836 Saturnique
853 768 940 822 altera
956 768 1060 837 proles:
1192 783 1232 827 m

377 843 488 898 Irarum
506 846 600 898 tantos
616 838 772 899 volvis'sub
788 847 900 913 pectore
918 844 1032 901 dumus!

378 919 484 975 Verum
501 937 553 989 age
569 924 600 975 et
617 921 755 989 inceptum
772 921 878 975 mustra
895 919 1028 975 submitte
1044 922 1179 980 furorem:
1218 984 1220 988 ,

376 994 428 1064 Do,
446 997 523 1066 quod
538 996 587 1066 via,
605 1000 636 1053 et
652 1013 697 1051 me
713 996 858 1066 uetusque
873 997 1022 1068 volensque
1038 998 1159 1056 remitto.
1228 1046 1230 1050 .

376 1072 538 1127 Sermonem
555 1072 672 1126 Auaonil
689 1073 810 1142 petrium
828 1089 973 1143 moresque
989 1073 1130 1142 tenebunt,

375 1147 474 1219 thue
490 1151 651 1213 cst‚nomen
667 1148 737 1214 erit3
760 1149 900 1204 commixti
918 1166 1032 1219 corpore
1048 1153 1158 1206 anun
1189 1165 1227 1207 aar

375 1223 527 1280 Subsident
544 1224 795 1290 'leuem-morem
812 1225 938 1295 ritusque
955 1242 1096 1281 sacromm

374 1298 515 1354 Adiiciam
521 1300 716 1369 ,x-iaciamque
733 1300 822 1355 omnia
838 1318 893 1355 uno
910 1317 959 1356 ore
975 1301 1096 1358 Latinos

374 1374 451 1430 Hinc
467 1391 553 1443 genus
571 1376 694 1431 Ausonio
709 1376 828 1431 mixtum
845 1376 920 1445 quod
938 1377 1069 1446 sangnine
1085 1379 1189 1448 surget,

373 1450 465 1520 Supra
481 1450 612 1520 homines,
625 1467 708 1521 supra
723 1452 766 1506 ire
783 1451 852 1506 deos
867 1452 972 1521 pietate
990 1452 1107 1523 ridebis,

373 1525 435 1580 Nec
450 1542 518 1595 gens
534 1527 591 1581 ulla
607 1530 671 1581 tuos
687 1543 776 1597 aeque
792 1527 945 1582 celebrabit
961 1528 1086 1584 bonorea
1189 1543 1228 1584 ese

373 1601 541 1658 Adnuitbie
557 1604 637 1672 Iuno,
655 1606 685 1658 et
702 1606 824 1659 mentem
840 1603 945 1659 laetata
960 1605 1081 1661 retorsit

373 1675 489 1733 Interea
504 1680 615 1735 excedit
631 1679 713 1747 caelo,
730 1678 888 1749 nubemque
904 1680 1045 1750 relinquit.

409 1753 464 1809 His
480 1756 549 1810 actis
566 1754 641 1810 allud
660 1755 775 1809 Genitor
792 1771 885 1810 secum
901 1756 963 1824 ipse
979 1755 1093 1823 volutat,

371 1828 574 1900 Iuturnamque
591 1834 673 1900 paret
688 1830 783 1885 fratris
800 1830 943 1886 dimittere
960 1830 996 1885 ab
1013 1830 1105 1886 umis.

370 1903 509 1960 chrmtur
525 1908 651 1976 geminae
667 1909 761 1977 pestes
778 1907 939 1975 cognomine
956 1907 1048 1974 Dirae,
1186 1920 1225 1963 se

371 1978 448 2045 Quas
465 1985 496 2036 et
513 1981 673 2037 Tartaream
691 1981 754 2036 Nox
765 1982 932 2051 intempesta
949 1982 1109 2051 Megaeram

368 2054 434 2111 Uno
453 2056 606 2127 eodemque
622 2058 688 2113 tulit
704 2060 793 2126 partu,
810 2057 979 2129 paribusque
995 2058 1116 2115 revinxit

367 2131 536 2203 Serpentum
553 2133 642 2203 spiris,
660 2136 842 2203 ventosasque
859 2133 969 2190 addidit
985 2134 1059 2191 alae:

368 2206 435 2264 Hae
452 2208 529 2265 loris
544 2208 582 2263 ad
600 2208 697 2263 solium
716 2209 845 2277 saevique
862 2209 892 2263 in
909 2210 1003 2265 limine
1019 2208 1093 2277 regis

369 2283 525 2355 Adparent,
542 2288 699 2354 acuuntque
715 2287 821 2339 metum
837 2284 1000 2339 mortalibus
1016 2285 1115 2353 aegris,
1183 2302 1222 2344 auo

368 2359 400 2415 Si
418 2360 528 2431 quando
544 2358 633 2415 letum
650 2360 807 2414 horrificum
824 2359 989 2429 morbosque
1006 2358 1089 2416 deum
1105 2376 1157 2417 rex

367 2434 492 2505 Metitur,
509 2437 624 2492 meritas
641 2440 691 2491 aut
706 2435 780 2491 bello
797 2436 910 2491 territat
926 2434 1016 2490 urbes.

368 2510 478 2566 Harum
496 2528 578 2567 urnam
595 2511 713 2567 celerem
730 2511 843 2567 demisit
860 2511 897 2566 ab
913 2511 1026 2567 aethere
1043 2527 1150 2569 summo

366 2586 504 2658 Iuppiter,
520 2588 604 2657 inqua
621 2603 701 2642 omen
720 2587 853 2643 Iuturnae
870 2602 1012 2643 occurrere
1028 2586 1115 2644 iussit
1195 2656 1201 2666 .

367 2662 423 2717 Illa
439 2663 521 2732 relat,
538 2664 675 2734 celerique
692 2663 730 2718 ad
746 2666 850 2719 terram
867 2662 979 2719 turbine
994 2664 1090 2719 ierim.
1181 2678 1219 2719 cue

364 2737 431 2793 Non
448 2755 534 2809 secus,
552 2756 585 2795 ae
600 2755 684 2794 nervo
702 2755 753 2809 per
767 2738 871 2793 nubem
888 2738 997 2809 inpulsa
1012 2740 1120 2810 sagitta

365 2814 513 2870 Armatam
530 2815 603 2871 saevi
622 2814 742 2871 Parthus
759 2830 844 2884 quam
860 2814 925 2871 telle
942 2816 1046 2883 veneni,

364 2888 495 2960 Parthus,
513 2891 571 2946 aive
588 2891 690 2961 cydon
707 2890 796 2946 telum
821 2890 1019 2960 inmedieabile‚
1036 2891 1125 2959 tersit,

364 2965 493 3022 Stridens
510 2971 540 3023 et
557 2968 654 3022 celeris
670 2966 808 3035 incognita
824 2967 945 3021 emulis
961 2965 1086 3022 umbras:

362 3041 440 3097 'l'alis
456 3059 487 3098 se
504 3047 564 3098 sata
581 3044 670 3099 Nocte
687 3042 760 3108 tulit,
777 3044 923 3111 terraeque
939 3041 1046 3112 petivit.
1178 3057 1217 3098 eso

362 3116 516 3189 Postquam
532 3119 606 3174 acies
621 3119 699 3174 videt
717 3117 818 3173 Iliacas
835 3119 920 3186 atque
938 3117 1047 3185 agmina
1063 3115 1155 3187 Tarni,

363 3192 451 3248 Alitis
467 3194 496 3247 in
513 3210 614 3263 parvae
631 3194 751 3249 subitam
768 3192 883 3247 collecta
899 3192 1024 3260 figuram,

363 3268 442 3335 Quae
460 3270 598 3338 quondam
614 3271 643 3325 in
660 3269 750 3325 bustis
766 3271 817 3323 aut
833 3267 996 3322 culminibus
1012 3267 1130 3324 desertis

360 3344 453 3400 Necte
471 3346 571 3401 sedens
588 3362 679 3401 aerum
697 3344 771 3401 canit
788 3344 937 3416 inportuna
951 3361 1002 3415 per
1018 3343 1150 3409 umbreae

356 3419 441 3473 Hauc
456 3436 535 3476 versa
550 3421 700 3481 infaciem
719 3421 811 3480 'lumi
827 3438 861 3479 se
876 3422 970 3493 pestis
984 3420 1024 3476 ab
1040 3434 1096 3474 ora
1194 3427 1242 3465 ἢ

356 3490 471 3563 ’mitit’
488 3496 640 3574 refertque
658 3519 774 3576 sonans,
792 3501 985 3576 clipeumque
1000 3490 1162 3554 exaruerat
1175 3480 1247 3536 Q

356 3562 384 3617 Ψ
397 3571 529 3629 membra
546 3593 644 3637 novus
662 3582 755 3641 solvit
772 3580 946 3642 formidine
963 3582 1086 3647 torpet,
