3242 4159
649 536 836 587 AENEIDOS
857 538 927 589 LIB.
948 539 1001 588 IX.
1214 545 1262 593 255

400 612 459 669 Sed
476 633 606 688 magnum
623 625 750 676 metuens
767 636 797 674 se
814 625 878 689 post
895 624 1002 676 crotera
1018 622 1144 691 tegebat:
1254 641 1257 645 ’

399 689 520 748 Pectore
537 696 566 748 in
584 697 699 751 adverso
716 700 806 750 totum
825 697 868 750 cni
886 698 1036 752 comminus
1053 715 1146 754 ensem

399 767 534 825 condidit
550 770 721 841 adsurgenti,
739 775 768 826 et
785 772 873 826 multa
890 777 979 827 morte
996 776 1107 844 recepit.

399 844 572 913 Purpuream
586 850 673 904 vomit
690 849 737 902 ille
754 849 880 918 animam,
892 854 922 904 et
939 867 1001 905 cum
1019 853 1148 920 sanguine
1165 853 1253 908 mixta

398 921 475 977 Vina
493 924 579 979 refert
597 926 730 989 moriens3
752 924 796 978 hic
813 925 888 979 furto
905 927 1027 981 fervidus
1043 928 1135 982 instat.
1216 945 1253 983 aso

399 997 517 1067 Iamque
535 1001 571 1054 ad
589 1001 709 1070 Messapi
727 1001 814 1053 socios
831 1002 979 1068 tendebat,
1002 1004 1040 1057 ibi
1057 1004 1148 1071 ignem

398 1073 528 1130 Deficere
545 1080 700 1131 extremum
717 1080 748 1131 et
765 1076 896 1144 religatos
913 1078 967 1132 rite
985 1079 1098 1134 videbat

398 1149 522 1220 Carpere
539 1169 652 1221 gramen
670 1169 769 1221 equos:
789 1152 913 1207 breviter
930 1171 992 1208 cum
1009 1156 1076 1210 talia
1093 1156 1119 1210 N
1121 1155 1214 1211 isus-

397 1227 492 1283 Sensit
509 1229 582 1282 enim
599 1229 683 1283 nimia
700 1228 785 1283 caede
803 1233 888 1297 atque
905 1231 1033 1300 cupidine
1050 1232 1152 1286 ferri-

398 1303 583 1373 Absistemus,
602 1305 657 1371 ait;
681 1321 745 1358 nam
763 1304 811 1358 lux
828 1304 938 1358 inimica
955 1307 1132 1375 propinquat
1214 1324 1251 1363 35⁵

398 1378 554 1433 Poenarum
572 1380 737 1435 exhaustum
756 1380 824 1434 satis
841 1384 899 1445 est;
925 1381 969 1433 via
986 1381 1059 1435 faeta
1075 1399 1126 1451 per
1144 1383 1239 1441 hostis.

396 1453 489 1509 Multa
506 1456 595 1509 virum
614 1456 701 1510 solido
719 1459 832 1523 argento
849 1457 972 1525 perfecta
988 1457 1147 1526 relinquunt

397 1532 542 1601 Armaque
559 1535 735 1600 craterasque
751 1532 832 1585 simul
850 1532 1031 1601 pulchrosque
1048 1537 1164 1603 tapetas.

397 1606 533 1675 Euryalus
550 1608 676 1677 phaleras
695 1608 858 1661 Rhamnetis
875 1611 905 1662 et
922 1625 1006 1663 aurea
1023 1609 1104 1664 bullis

396 1682 521 1751 Cingula,
539 1683 646 1738 Tiburti
664 1683 780 1737 Remulo
799 1683 952 1738 ditissimus
969 1685 1033 1738 olim
1213 1700 1250 1740 aco

397 1758 474 1822 Quae
492 1759 580 1814 mittit
598 1759 677 1826 dona,
695 1758 814 1828 hospitio
832 1776 893 1812 cum
911 1760 1039 1827 iungeret
1056 1761 1161 1829 absens,

396 1834 545 1900 Caedicus3
569 1835 616 1890 ille
633 1852 682 1889 suo
699 1835 819 1888 moriens
837 1834 887 1887 dat
905 1828 1007 1888 babere
1023 1836 1132 1903 nopoti;

395 1909 465 1964 Post
482 1914 598 1965 mortem
615 1910 689 1965 bello
707 1910 804 1965 Rutuli
821 1926 967 1978 pugnaque
984 1911 1080 1979 potiti;

396 1985 475 2040 Haec
493 1988 573 2056 rapit,
592 1990 676 2056 atque
694 1985 816 2040 humeris
833 1986 1001 2055 nequiquam
1019 1985 1136 2041 fortibus
1153 1988 1240 2055 aptat.

395 2061 466 2114 'lum
483 2062 591 2130 galeam
609 2062 730 2131 Messapi
748 2060 869 2115 habilem
887 2062 1032 2130 cristisque
1050 2062 1176 2117 decoram
1211 2077 1248 2117 aas

395 2136 501 2192 Induit.
537 2138 683 2198 Excedunt
701 2137 804 2203 castris,
823 2141 853 2192 et
871 2140 932 2192 tuta
950 2142 1103 2207 capessunt

430 2212 544 2268 Interea
560 2213 702 2283 praemissi
721 2214 828 2281 equites
846 2230 881 2267 ex
898 2213 967 2268 urbe
985 2214 1091 2282 Latina,

394 2290 496 2344 Cetera
514 2289 580 2343 dum
597 2289 670 2357 legio
687 2289 790 2358 campis
807 2288 942 2343 instructa
960 2291 1091 2357 moratur,

393 2364 479 2419 Ibant
497 2368 527 2419 et
545 2365 636 2418 'lumo
654 2365 714 2432 regi
731 2380 865 2440 responsa
881 2363 1016 2431 ferebant,

393 2441 582 2509 Tercentum,
602 2441 702 2495 scutati
720 2456 822 2507 omnes,
841 2439 988 2493 Volsoente
1005 2439 1145 2506 magistro.
1209 2454 1247 2494 ³70

393 2516 510 2585 Iamque
527 2516 749 2586 propinquabant
766 2515 871 2580 castris,
889 2531 1022 2583 mmoque
1040 2514 1177 2584 subibant,

392 2593 464 2648 (lum
481 2593 575 2661 procul
593 2593 642 2647 bos
661 2592 738 2646 laevo
756 2591 894 2645 flectentis
910 2590 999 2644 limite
1016 2593 1140 2659 cernunt,

391 2669 431 2723 Et
447 2668 527 2737 galea
545 2668 692 2737 Euryalum
711 2666 843 2721 sublustri
861 2666 948 2720 noctis
965 2665 994 2719 in
1012 2666 1110 2721 umbra

391 2743 522 2798 Prodidit
539 2744 715 2797 inmemorem
734 2742 874 2811 radiisque
892 2742 1007 2797 adversa
1024 2742 1141 2799 refulsit.

391 2819 479 2874 Hand
502 2822 608 2875 temere
626 2822 670 2874 est
686 2819 785 2874 visum.
822 2818 981 2874 Conclamat
998 2820 1035 2873 ab
1053 2820 1161 2889 agmine
1179 2819 1245 2873 Vol-

462 2912 554 2951 scens:
1207 2911 1244 2950 ³75

391 2971 479 3038 State,
499 2971 566 3036 viri;
591 2987 662 3040 quae
680 2987 776 3025 mussa
792 2970 870 3026 viaet
895 2971 975 3038 quive
994 2972 1060 3024 estis
1078 2972 1105 3023 in
1124 2971 1224 3026 armisl

391 3048 488 3112 Quove
505 3048 607 3103 tenetis
624 3048 695 3103 iteri
720 3047 795 3100 Nihil
814 3047 853 3099 illi
871 3046 986 3099 tendere
1003 3050 1106 3114 contra,

391 3124 449 3178 Sed
467 3124 588 3177 celerare
605 3123 698 3192 fugam
716 3123 745 3176 in
762 3123 844 3176 silvas
863 3124 892 3175 et
910 3122 996 3174 fidere
1013 3122 1094 3176 nocti

391 3198 534 3254 Obiieiunt
552 3199 660 3267 equites
678 3215 739 3253 sese
756 3198 792 3251 ad
811 3198 929 3251 divortia
945 3199 1010 3249 nota

391 3275 467 3330 Hinc
474 3279 558 3344 atque
566 3275 637 3342 hino,
647 3290 810 3343 omnemque
822 3272 928 3327 abitum
939 3271 1053 3327 custode
1062 3277 1243 3327 coronantem

391 3352 467 3406 Silva
483 3351 537 3405 fuit
554 3351 610 3405 late
629 3351 719 3405 dumis
737 3354 822 3419 atque
839 3349 900 3403 ilice
918 3350 998 3419 nigra

391 3427 522 3493 Horrida,
541 3439 622 3495 quam
641 3426 721 3481 densi
740 3426 903 3497 conplorent
918 3425 1046 3494 undique
1060 3426 1177 3489 sentes,

380 3502 457 3551 Bam
470 3517 527 3567 per
542 3502 665 3558 occultos
684 3503 799 3561 lucebat
820 3505 926 3562 semita
941 3503 1040 3561 calles.

366 3571 523 3639 Ewfllm
542 3578 685 3639 tenebrae
702 3599 859 3643 ramorum
877 3595 1069 3655 onerosam
1082 3572 1204 3647 iffi*
