3242 4159
388 542 438 590 294
617 534 647 584 P.
676 531 823 582 VERGILI
846 530 1014 581 MARONIS

391 621 432 674 At
448 634 502 672 non
520 614 679 671 Euandrum
696 614 770 684 potis
787 617 833 669 est
849 614 891 667 vis
908 612 965 666 ulla
981 615 1096 675 tenere3

389 695 446 750 Sed
463 694 539 748 venit
557 694 586 746 in
603 692 715 745 medios.
751 691 868 743 Feretro
886 689 1012 743 Pallanta
1028 689 1143 757 reposto

390 768 541 825 Procubuit
552 785 641 837 super,
654 772 738 836 atque
750 767 846 820 haeret
858 766 1058 833 lacrimansque
1067 781 1235 834 gemensque,
1281 815 1282 820 ,

390 848 427 901 Et
444 846 489 899 via
506 844 552 897 vix
569 844 682 898 tandem
699 842 760 896 voci
777 842 870 895 laxata
887 841 982 895 dolore
999 844 1059 895 est:
1208 856 1235 894 111

389 923 415 977 N
417 939 452 975 on
470 922 544 984 haec,
561 937 578 973 o
597 919 681 986 Palla,
700 918 819 971 dederas
836 918 972 986 promissa
988 916 1105 985 parenti,

389 997 504 1051 Cautius
522 999 554 1049 ut
572 993 754 1048 saevo'velles
771 996 801 1047 te
820 993 934 1047 credere
951 992 1046 1051 Marti.

390 1072 475 1126 Haud
492 1072 604 1139 ignarus
622 1086 705 1137 eram,
723 1073 857 1138 quantum
874 1084 945 1122 nova
961 1068 1051 1136 gloria
1068 1067 1097 1121 in
1113 1068 1198 1123 umis

390 1150 426 1203 Et
443 1146 591 1217 praedulce
608 1146 692 1199 decus
709 1146 799 1214 primo
817 1145 967 1198 certamine
983 1147 1087 1213 posset.
1207 1159 1237 1201 111

389 1223 532 1277 Primitiae
549 1222 657 1276 iuvenis
674 1221 798 1287 miserae,
817 1220 939 1289 bellique
956 1219 1106 1289 propinqui

389 1300 466 1353 Dura
482 1298 652 1353 rudimenta!
677 1302 707 1351 et
723 1297 791 1350 nulli
809 1296 939 1349 exaudita
956 1295 1072 1362 deorum

389 1375 463 1429 Vota
477 1390 626 1443 precesque
643 1376 733 1427 meae!
759 1377 852 1440 tuque,
870 1388 887 1425 ο
904 1370 1076 1425 sanctissima
1092 1373 1215 1440 coniunx,

389 1450 468 1505 Felix
486 1454 576 1505 morte
594 1455 650 1515 tua,
668 1465 758 1517 neque
775 1449 803 1501 in
821 1449 893 1501 hunc
910 1450 1020 1501 servata
1036 1447 1176 1504 dolorem!

389 1527 494 1580 Contra
511 1543 563 1593 ego
581 1525 697 1578 vivendo
715 1524 768 1578 vici
784 1540 847 1578 mea
863 1523 928 1589 hta,
946 1528 1088 1592 superstes
1209 1538 1241 1578 reo

389 1602 534 1656 Bostarem
551 1605 584 1654 ut
601 1601 717 1667 genitor.
754 1601 857 1653 Troum
875 1600 948 1653 socia
964 1615 1041 1653 arma
1060 1604 1188 1655 secutum

388 1678 544 1731 Obruereut
563 1676 659 1729 Rutuli
676 1676 753 1730 telis!
773 1677 891 1729 auinmm
909 1676 968 1744 ipse
984 1675 1133 1744 dedissem,

389 1756 485 1822 Atque
497 1753 565 1807 haee
576 1768 676 1822 pompa
688 1752 799 1805 domum
811 1768 863 1819 me,
876 1768 930 1805 non
943 1750 1079 1819 Pallanta,
1092 1754 1224 1808 referret!

389 1829 448 1883 Nec
466 1846 513 1882 vos
531 1829 675 1897 arguerim,
694 1828 797 1894 Teucri,
815 1844 865 1881 nec
882 1828 1001 1892 foedera,
1018 1845 1071 1883 nee
1089 1846 1160 1898 quas

389 1905 534 1958 Iunximus
551 1905 670 1974 bospitio
688 1905 815 1970 dextras3
839 1920 898 1957 sors
915 1904 969 1958 ista
986 1909 1115 1959 senettae
1209 1920 1240 1960 111

389 1979 492 2033 Debita
509 1984 570 2035 erat
587 1985 704 2034 nostrae.
742 1980 822 2044 Quod
840 1979 863 2033 si
880 1980 1019 2033 inmatura
1034 1982 1168 2038 manebat

389 2056 465 2110 Mors
482 2058 604 2121 gnatum,
623 2057 710 2107 caesis
730 2056 892 2132 Volscorum
910 2055 1020 2109 milibus
1038 2061 1105 2112 ante

389 2131 543 2185 Ducentem
560 2131 588 2182 in
607 2130 718 2183 Latium
736 2132 856 2186 Teucros
873 2132 1004 2186 cecidisse
1020 2133 1137 2190 iuraret

390 2207 461 2273 Quin
479 2222 531 2274 ego
548 2222 603 2259 uon
621 2207 675 2259 alio
692 2206 791 2275 digner
807 2211 838 2262 te
855 2208 956 2273 funera
975 2208 1059 2277 Palla,

390 2284 477 2349 Quam
487 2284 548 2351 pius
561 2283 678 2351 Aeneas,
690 2286 719 2337 et
728 2300 811 2352 quam
822 2284 914 2353 magni
927 2284 1057 2353 Phryges,
1070 2291 1102 2340 et
1113 2303 1197 2355 quam
1207 2301 1240 2343 111

389 2359 575 2429 Tyrrhenique
593 2360 684 2426 duces,
704 2359 873 2429 Tyrrhenum
890 2361 1029 2415 exereitus
1045 2364 1143 2417 omnis.

389 2436 490 2505 Magna
507 2439 620 2504 tropaea
636 2436 737 2505 ferunt,
755 2452 824 2505 quos
842 2436 892 2490 dat
909 2439 959 2490 tua
975 2436 1094 2491 dextera
1110 2439 1183 2506 leto;

389 2512 431 2565 'lu
449 2528 557 2580 quoque
575 2529 647 2566 nunc
664 2516 753 2567 stares
770 2514 887 2566 inmanis
903 2515 1018 2567 truncus
1035 2513 1063 2567 in
1082 2516 1178 2583 armis,

390 2589 472 2642 Esset
489 2604 539 2655 par
556 2592 633 2643 aetas
651 2594 680 2642 et
697 2589 772 2642 idem
790 2590 813 2641 si
830 2588 915 2642 robur
931 2589 967 2643 ab
984 2589 1068 2656 annis
1123 2615 1131 2629 ·
1223 2653 1227 2661 Ι

389 2664 486 2717 Turne.
523 2664 578 2717 Sed
595 2665 689 2717 infelix
707 2666 825 2718 Teucros
842 2665 909 2734 quid
927 2665 1054 2719 demoror
1070 2669 1175 2725 armisl
1208 2684 1241 2725 17⁵
1281 2683 1282 2688 ’

389 2738 493 2791 Vadite
511 2742 540 2791 et
557 2738 624 2791 haec
643 2756 776 2793 memores
793 2742 852 2809 regi
869 2741 999 2795 mandata
1015 2742 1135 2799 referte:

390 2814 470 2879 Quod
487 2814 572 2866 vitam
590 2829 681 2867 moror
698 2816 821 2883 invisam,
841 2817 965 2871 Pallante
982 2823 1135 2889 perempto,

389 2890 512 2944 Dextera
529 2906 624 2943 caussa
641 2893 689 2943 tua
708 2896 758 2958 est,
777 2892 898 2946 Turnum
914 2898 1053 2963 gnatoque
1070 2898 1204 2967 patrique

389 2968 476 3031 Quam
495 2967 597 3021 debere
614 2966 698 3020 rides.
734 2968 843 3022 Meritis
860 2974 939 3024 vacat
956 2969 1001 3024 hic
1016 2970 1069 3024 tibi
1087 2974 1164 3028 solus

389 3043 582 3112 Fortunaeque
600 3044 681 3097 locus.
718 3045 780 3097 Nou
797 3046 871 3099 vitae
887 3045 988 3113 gaudia
1006 3064 1126 3116 quaero;
1208 3064 1241 3103 1so

388 3119 448 3173 Nec
465 3120 521 3184 fas,
540 3120 589 3174 sed
606 3124 689 3189 gnato
708 3120 797 3173 Manis
815 3122 938 3189 perferre
955 3122 1007 3176 sub
1023 3123 1101 3179 imos

424 3196 534 3248 Aurora
551 3196 656 3250 interea
672 3197 779 3249 miseris
797 3197 960 3251 mortalibus
977 3198 1076 3253 almam

388 3267 534 3323 Extulerat
551 3272 647 3338 lucem,
665 3272 786 3325 referens
803 3288 887 3340 opera
903 3277 988 3343 atque
1005 3274 1129 3333 labores:

387 3343 448 3397 lam
464 3348 548 3414 pater
566 3348 683 3415 Aeneas,
700 3348 754 3400 iam
772 3364 855 3401 curvo
872 3348 901 3402 in
919 3350 999 3405 litore
1018 3351 1147 3412 Tarchon

376 3420 561 3479 Constituere
580 3441 677 3507 pyras.
711 3425 781 3478 Huc
796 3439 915 3489 corpora
931 3425 1049 3489 quisque
1063 3442 1181 3480 suoram
1210 3445 1243 3482 111
1280 3407 1282 3490 l

359 3496 449 3556 More
469 3502 569 3560 tulere
588 3509 729 3575 patrum,
750 3496 947 3562 subiectaque
962 3496 1078 3559 'istim
1091 3497 1168 3546 ΜΒ

349 3571 511 3636 Conditus·
529 3581 561 3639 in
583 3581 734 3639 tenebras
752 3576 851 3632 altum
868 3567 994 3635 eeliss'ffi
1008 3564 1128 3617 mm
