3242 4159
658 521 842 583 ausuroos
859 520 929 574 nus.
948 521 984 572 v.
1200 527 1246 575 ree

390 606 463 661 Tum
479 605 559 673 pater
577 602 694 669 Aeneas,
713 603 822 672 Vestra,
839 603 936 673 inquit,
953 618 1068 659 munera
1083 603 1161 659 vobis

392 683 478 737 Certa
494 681 615 747 manent,
631 679 716 747 pueri,
734 683 765 733 et
782 680 901 749 patrnam
918 684 1011 735 movet
1028 681 1124 735 ordine
1140 698 1235 746 nem03

391 759 441 812 Me
458 757 540 810 liceat
557 771 636 808 casus
654 755 778 809 miserari
795 755 910 809 insontis
927 756 1016 809 amici.
1209 771 1247 811 aso

392 835 438 888 Sic
455 832 530 901 satus
545 834 655 898 tergum
673 830 783 886 Gaetuli
800 831 908 885 inmane
926 832 1012 885 leonis

392 909 450 963 Dat
468 908 553 979 Salios
565 907 637 960 ¹villis
654 922 798 959 onerosum
816 910 902 975 atque
918 907 1055 975 unguibus
1072 909 1171 964 aureis.

393 985 449 1039 Hic'
467 984 559 1052 Nisus,
578 982 607 1036 Si
625 986 710 1050 tanta,
728 982 826 1057 iuquit,
845 986 909 1036 snut
926 984 1048 1052 praemia
1065 984 1152 1053 victis,

392 1063 437 1116 ut*
447 1065 478 1115 te
495 1060 632 1128 lapsorum
649 1059 769 1126 miseret,
788 1072 862 1127 quae·
876 1076 989 1114 munera
1007 1061 1074 1115 Niso

379 1138 484 1206 Digna
501 1135 596 1191 dabis't
615 1135 730 1203 primam
748 1136 835 1189 merui
852 1136 900 1203 qui
917 1136 999 1191 laude
1015 1153 1149 1204 eoronam,
1209 1151 1252 1191 aas>

392 1214 430 1267 Ni
447 1230 499 1281 mo,
518 1228 590 1280 quae
607 1211 718 1278 Salium,
736 1212 847 1266 fortuna
863 1212 972 1265 inimica
988 1213 1103 1267 tulisset

393 1290 431 1343 Et
448 1288 528 1342 simul
545 1288 588 1341 his
605 1286 687 1343 dictis
704 1288 801 1342 faciem
820 1287 977 1342 ostentabat
995 1292 1024 1342 et
1041 1289 1097 1342 udo

391 1365 495 1433 Turpia
511 1364 635 1417 membra
651 1364 722 1418 fimo.
760 1362 833 1416 Risit
849 1365 929 1429 pater
946 1366 1074 1431 optumus
1090 1364 1144 1433 oili,

393 1442 431 1495 Et
449 1441 565 1510 clipermr
583 1439 674 1493 efferri
692 1439 779 1507 iussit,
798 1438 974 1507 Didymaonis
992 1440 1067 1508 artis,

391 1518 517 1587 Neptuni
534 1533 610 1571 sacro
629 1515 730 1569 Danais
742 1514 784 1570 'de
801 1519 881 1583 poste
898 1515 1022 1570 refixum.
1209 1532 1246 1572 aco

393 1595 456 1648 Hoc
473 1594 597 1647 invenem
616 1592 756 1660 egregium
773 1591 927 1661 praestanti
943 1608 1055 1647 munere
1073 1593 1166 1647 donat.

430 1670 504 1737 Post,
521 1668 569 1722 ubi
586 1666 704 1722 coniecti
722 1683 825 1736 cursus,
845 1670 875 1722 et
892 1667 965 1721 dona
981 1670 1104 1737 peregit:

393 1745 482 1813 Nunc,
499 1746 523 1800 si
540 1745 583 1799 cui
601 1745 688 1798 virtus
706 1744 866 1811 animusque
883 1743 912 1797 in
928 1749 1041 1811 pectore
1057 1762 1193 1815 praesens,

394 1821 487 1888 Adsit,
505 1825 534 1876 ct
552 1821 668 1874 evinctis
685 1819 794 1873 attollat
812 1818 939 1873 bracchia
955 1820 1060 1888 palmis.

393 1898 439 1951 Sic
456 1898 494 1952 ait
512 1900 540 1951 et
558 1896 695 1965 geminum
712 1911 820 1963 pugnae
837 1896 966 1964 proponit
983 1895 1121 1967 honorem,
1208 1913 1245 1953 aas

393 1973 501 2028 Victori
519 1973 639 2026 velatum
656 1988 722 2024 auro
740 1971 873 2041 vittisque
889 1972 1040 2041 iuvencum,

393 2051 493 2103 Ensem
512 2053 597 2117 atque
612 2047 745 2115 insignem
762 2048 868 2116 galeam
885 2048 983 2103 solatia
998 2048 1077 2104 ricto.

393 2126 454 2180 Nec
471 2141 561 2190 mora3
581 2124 709 2178 continuo
727 2124 811 2177 vastis
829 2140 891 2179 cum
909 2124 1012 2179 viribus
1030 2126 1110 2180 effert

393 2202 451 2255 Ora
468 2202 562 2268 Dares,
580 2217 733 2268 magnoque
750 2200 839 2253 virum
857 2216 887 2253 se
904 2217 1043 2255 murmure
1061 2202 1149 2267 tollit;

393 2278 471 2331 Solus
488 2277 535 2346 qui
554 2276 680 2331 Paridem
698 2276 794 2329 solitus
811 2276 978 2330 contendere
996 2281 1098 2343 contra,
1208 2292 1245 2333 ato

393 2353 528 2422 Idemque
546 2352 582 2406 ad
599 2352 741 2418 tumulum,
761 2367 815 2420 quo
833 2369 975 2405 maxumus
993 2351 1107 2406 occubat
1125 2353 1237 2416 Hector,

395 2430 535 2483 Victorem
553 2429 644 2481 Buten
662 2427 764 2480 inmani
780 2444 901 2496 corpore,
917 2428 966 2495 qui
982 2425 1013 2481 'se

393 2504 527 2573 Bebrycia
544 2505 654 2558 veniens
672 2504 769 2572 Amyci
786 2503 823 2556 de
839 2507 924 2571 gente
942 2503 1057 2572 serebat,

392 2580 515 2635 Perculit
533 2584 560 2634 et
578 2580 651 2634 fulva
668 2578 861 2632 moribundum
878 2578 1004 2633 extendit
1020 2595 1112 2634 arena.

392 2658 467 2711 Talis
483 2657 571 2725 prima
589 2656 676 2709 Dares
693 2658 776 2724 eaput
793 2655 880 2710 altum
897 2655 925 2709 in
943 2654 1046 2724 proelia
1063 2655 1144 2722 tollit,
1207 2670 1244 2711 are

392 2734 578 2801 Ostenditque
596 2732 724 2785 humeros
742 2732 821 2799 latos,
839 2732 999 2801 alternaque
1015 2732 1100 2786 iactat

392 2810 525 2863 Bracchia
543 2809 718 2878 protendens,
736 2811 765 2862 et
783 2808 912 2862 verberat
929 2808 1029 2862 ictibus
1046 2825 1135 2863 auras.

392 2886 541 2951 Quaeritur
557 2885 620 2938 hnic
638 2885 721 2952 alius3
746 2901 797 2939 uec
815 2881 960 2954 quisquam
978 2902 1012 2938 ex
1030 2885 1138 2953 agmine
1155 2886 1233 2937 tanto

392 2961 490 3016 Audet
506 2961 584 3016 adire
601 2962 689 3014 virum
708 2961 886 3029 manibusque
904 2960 1035 3030 inducere
1053 2965 1167 3014 caestus.

391 3038 467 3105 Ergo
484 3037 588 3105 alacris,
606 3041 771 3105 cunctosque
789 3041 890 3105 putans
908 3037 1041 3091 excedere
1060 3037 1156 3106 palma,
1208 3049 1246 3088 aso

393 3118 506 3169 Aeneae
523 3115 602 3169 stetit
620 3117 683 3167 anto
701 3114 794 3182 pedes,
813 3130 863 3167 nee
880 3113 959 3181 plura
976 3115 1099 3166 ineratus

391 3190 462 3244 'l'uru
480 3190 557 3245 laeva
574 3194 684 3243 taurum
701 3206 785 3244 cornu
801 3192 887 3257 tenet,
904 3192 989 3256 atque
1006 3188 1046 3242 ita
1064 3188 1150 3241 fatur:

391 3266 467 3321 Nate
484 3266 545 3335 dea,
563 3289 586 3325 sr
604 3283 683 3321 uerno
700 3265 784 3320 audet
802 3282 832 3320 se
849 3264 963 3318 eredere
979 3280 1096 3332 pugnae,

392 3344 470 3407 Quae
488 3344 550 3397 finis
569 3342 676 3397 stendit
697 3359 752 3411 quo
766 3351 814 3396 me
832 3341 912 3395 decet
929 3356 1016 3409 usque
1034 3340 1141 3394 tenerit

390 3420 501 3473 Ducere
519 3420 590 3472 dona
605 3418 677 3473 iube.
715 3419 813 3476 Cuncti
831 3417 915 3474 simui
929 3434 978 3473 ore
994 3416 1155 3471 ireme‘oant
1217 3423 1261 3464 aas

378 3492 567 3561 Dardanidae,
586 3496 729 3565 reddique
749 3498 810 3553 viro
828 3498 973 3570 pronussa
988 3492 1144 3549 moenam.

365 3562 426 3613 He
438 3568 538 3628 grava
556 3570 709 3629 suanum
727 3574 819 3633 dietis
839 3578 971 3648 manga
994 3573 1136 3633 aarum,
