3242 4159
390 526 438 573 ree
621 526 651 575 P.
669 524 826 576 vascua
843 509 1011 575 suaeuis

389 602 445 656 Seu
462 602 547 655 crudo
565 602 627 657 fidit
644 621 763 673 pugnam
781 604 954 659 committere
972 606 1074 673 metu,

390 678 488 732 Cuncti
507 677 606 743 adsint,
623 683 795 748 meritaeque
813 683 976 749 exspectent
994 682 1119 750 praemia
1135 683 1245 753 palmae

388 753 444 807 Ore
460 754 551 808 favete
569 770 670 822 amnes,
688 759 718 809 ct
736 756 838 822 cingite
855 761 981 826 tempera
997 757 1092 812 ramis
1223 773 1246 815 ri

423 831 467 884 Sic
483 830 557 883 fatus
575 830 649 885 velat
667 834 792 884 matema
810 836 937 899 tempora
953 835 1052 901 napta.

348 948 352 954 .
388 906 450 960 Hoc
469 906 602 975 Helymus
619 907 692 972 facit,
711 907 763 960 hoc
781 908 841 960 aeri
860 912 985 961 matums
1001 911 1130 978 Acestes,

388 983 450 1038 Hoc
468 1000 536 1052 puer
555 984 696 1049 Ascanius,
716 984 842 1053 sequitur
862 1000 931 1052 quos
948 989 1041 1039 cetera
1057 985 1155 1055 pubes.

388 1058 440 1113 Ille
458 1075 474 1112 e
492 1060 604 1113 concilio
622 1059 716 1113 multis
735 1077 797 1114 cum
816 1060 927 1114 milibus
944 1061 1004 1115 ibat
1226 1078 1250 1119 ts

389 1135 436 1188 Ad
453 1136 597 1202 tumulum,
616 1152 715 1204 magna
732 1136 840 1189 medius
858 1136 1007 1192 comitante
1024 1141 1146 1193 caterva

388 1211 442 1265 Hie
460 1212 515 1265 duc
532 1213 586 1266 rite
604 1230 679 1266 merc
698 1212 786 1266 libans
804 1213 943 1267 carchesia
960 1214 1068 1268 Bacche

388 1287 491 1343 Fundit
509 1289 592 1357 hurui,
612 1289 666 1343 duo
684 1289 754 1343 lacte
772 1306 850 1357 nove,
869 1288 925 1342 duo
943 1290 1074 1358 sanguine
1092 1307 1181 1361 sacro,

388 1363 598 1435 Purpureusque
617 1366 682 1420 iacit
700 1365 787 1434 flores,
806 1382 837 1419 ac
856 1366 922 1419 talia
938 1365 1045 1435 fatur:¹

388 1441 475 1508 Salve,
494 1448 586 1497 sancte
603 1460 710 1511 parcns,
729 1442 844 1495 iterum:
863 1442 973 1508 salvete,
991 1442 1096 1511 recepti
1226 1458 1251 1497 sc

388 1517 561 1587 Nequiquam
578 1520 691 1585 cineres,
708 1519 869 1586 animaeque
886 1517 1055 1587 mabracque
1072 1522 1215 1587 paternae.

387 1592 414 1646 N
416 1611 450 1647 on
468 1594 544 1647 licuit
562 1596 623 1648 finis
642 1594 727 1647 Italos
746 1594 895 1663 fataliaque
913 1610 984 1660 arra,

387 1668 414 1722 N
416 1687 448 1723 ec
460 1674 550 1724 tecum
560 1671 718 1735 Ausonium,
729 1671 893 1739 quicumque
906 1673 957 1737 est,
967 1686 1099 1738 quaerere
1109 1670 1251 1741 Thybrim·

388 1744 503 1800 Dixerat
520 1747 594 1813 hacc,
612 1747 701 1815 adytis
719 1764 779 1800 cum
797 1747 918 1801 lubricus
934 1746 1032 1813 anguis
1048 1745 1085 1800 ab
1102 1745 1168 1802 imis

388 1821 500 1891 Septem
516 1823 612 1892 ingens
629 1840 717 1893 gyras,
735 1827 849 1891 septem
867 1822 1004 1875 volumina
1020 1822 1117 1891 traxit,
1224 1831 1249 1872 ss

387 1899 541 1968 Amplexus
559 1901 666 1968 placide
684 1900 820 1953 tumulum
839 1899 986 1968 lapsusque
1004 1896 1054 1967 per
1072 1916 1143 1968 aras,

388 1974 536 2029 Caeruleae
553 1978 596 2029 cui
614 1980 694 2043 terga
711 1979 792 2030 notae
810 1975 963 2030 maculosus
981 1979 1010 2029 et
1027 1992 1095 2029 auru

387 2049 535 2119 squamam
552 2052 717 2105 incendebat
735 2052 833 2119 fulgor,
851 2069 901 2105 ceu
919 2051 1037 2105 nubibus
1054 2068 1136 2105 arcus

387 2126 464 2180 Mille
481 2126 546 2180 iacit
564 2128 652 2180 varios
671 2127 787 2180 adverse
806 2128 863 2181 sole
881 2129 991 2182 coleres.

388 2201 529 2271 Obstipuit
546 2203 606 2255 visu
625 2204 741 2256 Aeneas.
781 2205 833 2258 Ille
851 2205 959 2272 agmine
977 2204 1058 2271 longo
1224 2218 1250 2258 eu

387 2278 507 2332 Tandem
526 2279 598 2332 inter
615 2284 725 2347 pateras
743 2282 773 2333 et
789 2280 860 2334 levia
877 2281 974 2349 pocula
992 2296 1106 2349 serpeus

388 2354 553 2423 Libavitquc
571 2355 663 2425 dapes,
682 2371 832 2424 rursusque
850 2358 976 2410 innoxius
993 2358 1048 2409 imo

387 2430 524 2485 Successit
541 2431 655 2499 tumulo,
673 2434 703 2485 et
721 2431 836 2500 depasta
854 2433 951 2486 altaria
970 2432 1058 2501 liquit.

388 2507 450 2561 Hoc
467 2507 554 2575 magis
571 2509 694 2575 inceptos
712 2509 831 2575 genitori
849 2508 986 2563 instaurat
1003 2507 1128 2577 honores,

388 2582 522 2650 incertus,
542 2584 692 2638 Geniumne
711 2584 762 2637 loci
779 2584 947 2637 famulumne
964 2584 1088 2653 parentis
1222 2601 1249 2641 cs

387 2659 455 2714 Esse
472 2664 568 2728 putet;
586 2661 677 2715 caedit
695 2662 772 2714 binas
791 2662 826 2715 de
844 2678 920 2715 more
937 2660 1065 2728 bidentis,

387 2735 495 2804 Totque
512 2752 581 2799 saca,
599 2737 716 2789 totidem
733 2738 867 2804 nigrantis
884 2741 964 2805 terga
980 2737 1124 2802 iuvencam

387 2810 515 2880 Vinaque
532 2811 665 2864 fundebat
683 2814 793 2881 pateris,
814 2814 986 2881 animamque
1005 2813 1121 2867 vocabat
1151 2881 1154 2886 .

388 2888 525 2943 Anchisae
544 2889 634 2955 magni
654 2889 796 2958 Manisque
817 2890 976 2944 Acheronte
994 2890 1129 2943 remissos

387 2965 414 3019 N
416 2983 446 3019 ec
464 2981 518 3017 nen
536 2968 565 3018 et
583 2966 654 3031 sccii,
672 2982 743 3035 quae
761 2966 860 3034 cuique
879 2970 922 3019 est
941 2965 1026 3035 copia,
1045 2966 1112 3019 laeti
1180 3014 1182 3019 .
1211 2978 1250 3019 auu

387 3040 467 3095 Dona
483 3042 582 3109 ferunt,
602 3046 717 3096 onerant
735 3060 805 3111 aras,
824 3046 1002 3110 mactantque
1021 3042 1165 3108 iuvenc0s;

388 3117 491 3172 Ordine
509 3136 578 3173 aena
595 3119 685 3173 locant
703 3120 754 3185 alii,
772 3120 881 3189 fusique
899 3136 949 3187 per
967 3118 1081 3173 herbam

387 3194 541 3250 Subiiciuut
559 3196 669 3250 veribus
687 3213 788 3265 prunas
807 3200 837 3249 et
855 3195 959 3249 viscera
977 3198 1095 3248 torrent.
1183 3209 1188 3218 ·

422 3272 589 3341 Exspectata
606 3272 665 3327 dies
682 3272 779 3327 aderat
796 3288 950 3340 nonamque
969 3287 1066 3324 serena

387 3348 524 3402 Auroram
543 3348 723 3404 Phaethontis
740 3349 804 3417 equi
821 3348 876 3401 iam
894 3348 954 3401 luce
972 3346 1117 3415 vehebant,
1211 3359 1250 3399 lus

385 3422 528 3493 Famaque
545 3425 676 3481 finitimos
694 3429 723 3481 et
740 3424 808 3480 clari
823 3440 924 3477 namen
943 3425 1061 3476 Acestae

370 3497 524 3569 uxorema
539 3502 618 3561 lacto
636 3501 811 3575 conplebant
825 3500 915 3556 litera
930 3501 1023 3559 caetu,

364 3571 462 3633 ”frua
481 3583 651 3655 Aeneadas,
673 3599 744 3656 pars
764 3584 795 3637 et
814 3580 930 3635 eatae
947 3567 1056 3642 amb
