3242 4159
601 495 604 500 ’
673 513 857 564 assumes
879 514 949 566 arn.
970 516 1005 567 v.
1216 519 1262 568 175

406 590 449 646 Ut
467 590 605 660 quondam
624 591 707 647 (treta
723 594 814 650 fertur
831 596 1017 667 Labyrinthus
1032 596 1062 651 in
1078 597 1137 653 alta

406 666 565 722 Parietibus
582 671 692 723 textum
710 672 796 727 caecis
813 673 876 740 iter,
894 673 1095 743 ancipitemque

406 745 485 799 Mille
503 744 554 798 viis
571 745 698 801 habuisse
717 747 818 819 dolum,
836 768 892 820 qua
903 750 988 819 ‘signa
1005 752 1138 822 sequendi
1224 768 1262 807 sao

406 821 530 876 Falleret
547 822 727 891 indeprensus
744 829 774 879 et
790 826 974 881 inremeabilis
992 845 1083 894 err0r;

406 898 493 953 Haud
510 899 563 953 alio
582 899 717 954 Teucrum
734 902 793 957 nati
810 904 926 973 vestigia
944 922 1025 958 cursu

405 976 564 1044 inpediunt,
583 979 737 1047 texuntque
753 978 834 1047 fugas
852 983 881 1035 et
898 981 1002 1050 proelia
1018 981 1094 1049 ludo,

405 1052 572 1121 Delphinum
590 1054 699 1122 similes,
718 1056 765 1124 qui
782 1073 833 1125 per
849 1057 937 1110 maria
953 1056 1066 1111 humida
1083 1059 1173 1113 nando

404 1129 584 1197 Carpathium
596 1129 783 1200 Libycumque
796 1136 890 1187 secant
905 1132 1070 1203 [luduntque
1087 1152 1138 1205 per
1153 1136 1260 1205 undas}

404 1206 488 1260 Hunc
506 1223 609 1261 morem
627 1223 724 1261 cursus
740 1212 825 1277 atque
843 1209 910 1262 haec
927 1212 1076 1282 certamina
1093 1213 1197 1280 primus

404 1284 547 1353 Ascanius,
565 1285 687 1352 Longam
705 1285 790 1339 muris
808 1302 870 1340 cum
887 1287 1009 1355 cingeret
1027 1288 1136 1357 Albam,

356 1385 359 1389 >
403 1359 527 1414 Rettulit
545 1363 575 1415 et
592 1361 696 1431 priscos
714 1361 807 1415 docuit
825 1363 965 1417 celebrare
983 1362 1104 1431 Latinos,

404 1437 465 1502 Quo
482 1454 552 1506 puer
569 1437 628 1507 ipse
646 1438 735 1505 modo,
754 1455 847 1491 secum
865 1456 919 1509 quo
937 1439 1017 1493 Troia
1031 1439 1134 1509 pubes;

402 1513 507 1568 Albani
525 1514 643 1569 docuere
662 1532 741 1579 suos;
759 1514 823 1569 hine
841 1532 970 1570 maxuma
985 1534 1068 1586 porro
1220 1533 1257 1572 sco

403 1592 521 1659 Accepit
540 1589 634 1658 Roma,
654 1595 683 1645 et
700 1591 819 1661 patrium
838 1592 956 1648 servarit
973 1593 1118 1659 honorem;

402 1667 538 1735 Troiaque
556 1683 628 1720 nunc
644 1667 729 1735 pueri,
749 1668 895 1722 Troianum
913 1668 1014 1724 dicitur
1032 1687 1137 1739 agmen.

401 1741 465 1796 Hac
482 1742 622 1797 celebrata
639 1745 721 1797 tenus
738 1746 833 1797 sancto
851 1746 1000 1798 certamina
1017 1747 1095 1815 patri

438 1820 492 1873 Hic
509 1820 628 1888 primum
647 1819 770 1874 Fortuna
787 1819 871 1873 fidem
889 1824 996 1875 mutata
1013 1823 1128 1876 novavit.

400 1896 476 1949 Dum
494 1897 575 1950 variis
592 1896 699 1950 tumulo
716 1896 842 1949 referunt
859 1897 999 1951 sollemnia
1016 1898 1095 1967 ludis,
1219 1913 1256 1953 eoo

401 1974 471 2028 lrim
490 1973 526 2027 de
543 1973 618 2027 caelo
635 1973 710 2027 misit
728 1972 858 2027 Saturnia
875 1973 946 2039 Iuno

401 2050 514 2104 Iliacam
531 2048 568 2103 ad
585 2049 706 2114 classem,
723 2052 875 2119 ventosque
893 2048 1016 2120 adspirat
1034 2050 1117 2120 eunti,

400 2127 493 2181 Multa
509 2142 628 2194 movens,
646 2125 762 2179 necdum
780 2126 923 2195 antiquum
942 2130 1065 2181 saturata
1082 2127 1213 2185 dolorem.

401 2204 463 2270 Illa,
481 2204 552 2256 viam
570 2201 692 2256 celerans
710 2219 760 2271 per
777 2202 852 2256 mille
869 2202 1004 2256 coloribus
1021 2220 1121 2273 areum,

399 2280 478 2334 Nulli
495 2280 553 2333 usa
570 2280 624 2333 cito
642 2279 765 2333 decurrit
782 2280 895 2333 tramite
912 2280 996 2347 virgo.
1218 2295 1255 2336 oro

400 2358 540 2425 Conspicit
555 2357 695 2425 ingentem
713 2371 880 2423 concursum,
897 2358 927 2409 et
944 2355 1026 2409 litora
1042 2354 1150 2421 lustrat,

399 2435 589 2501 Desertosque
606 2432 683 2487 videt
699 2435 795 2501 portus
813 2432 983 2499 classemque
999 2431 1129 2485 relictam.

400 2512 443 2565 At
460 2511 555 2581 procul
572 2509 600 2564 in
618 2509 676 2564 sola
694 2512 816 2563 secretae
834 2506 955 2562 Troades
973 2510 1035 2559 acta

399 2589 542 2642 Amissum
561 2586 700 2641 Anchisen
717 2585 830 2653 flebant,
847 2586 1017 2651 cunctaeque
1035 2580 1199 2652 profundum

400 2665 520 2717 Pontum
538 2663 735 2733 adspectabant
752 2663 857 2717 fientes.
876 2660 940 2714 Heu
957 2663 1001 2714 tot
1018 2658 1088 2712 vada
1105 2658 1183 2713 fessis
1217 2675 1253 2715 ers

398 2741 437 2794 Et
456 2744 564 2794 tantum
581 2756 724 2808 superesse
742 2739 839 2793 maris!
859 2755 912 2791 vox
930 2735 1055 2802 omnibus
1072 2752 1132 2791 una

398 2816 506 2871 Urbem
524 2820 617 2881 orant3
635 2816 731 2870 taedet
748 2815 838 2884 pelagi
855 2814 978 2883 perferre
996 2812 1124 2867 laborem.

398 2895 472 2973 Drgo
489 2894 563 2948 inter
580 2892 683 2946 medias
702 2908 761 2945 sese
779 2890 854 2944 haud
871 2890 968 2958 ignara
985 2888 1100 2944 nocendi

398 2970 523 3035 Goniicit,
541 2972 570 3024 et
587 2969 737 3037 faciemque
755 2968 824 3021 deae
841 2970 1001 3035 vestemque
1018 2965 1141 3034 reponit;

398 3048 447 3101 Fit
465 3047 561 3115 Beroe,
580 3046 689 3100 Ismarii
706 3045 823 3098 coniunx
841 3044 972 3110 longaeva
991 3040 1106 3109 Dorycli,
1215 3056 1252 3096 aaa

397 3124 450 3178 Cui
468 3140 554 3192 genus
574 3126 603 3177 et
622 3120 757 3192 quondam
776 3135 875 3174 nomen
892 3119 1005 3187 natique
1022 3117 1152 3181 fuissent;

397 3204 442 3254 Ae
461 3200 500 3253 sic
518 3199 709 3254 Dardanidum
725 3195 844 3251 mediam
862 3212 892 3249 se
910 3193 1043 3248 matribus
1059 3192 1154 3245 infert:

396 3277 421 3331 Ο
441 3279 565 3345 miserae,
584 3293 653 3346 quas
670 3292 724 3327 non
741 3290 845 3341 manus,
862 3271 961 3340 inquit,
980 3269 1100 3324 Achaica
1117 3267 1188 3319 bollo

395 3352 526 3408 Traxerit
543 3353 580 3407 ad
597 3353 684 3406 letum
701 3351 806 3420 patriae
824 3346 875 3403 sub
892 3345 1047 3400 moenibus!
1067 3360 1084 3396 o
1100 3359 1168 3411 gens

396 3430 504 3497 Infelix,
524 3430 566 3483 eni
585 3432 614 3481 te
631 3428 716 3481 exitio
733 3427 859 3482 Fortuna
874 3423 1017 3480 reseruati
1220 3433 1261 3470 aab

382 3505 517 3569 Septuma
531 3507 600 3572 post
620 3504 718 3561 Troiae
736 3504 897 3562 exscidium
914 3505 974 3561 iam
990 3499 1116 3558 uertitur
1134 3496 1248 3559 aethris

372 3576 443 3627 0¹1¹1²
460 3577 542 3640 heta,
561 3596 627 3634 cum
647 3584 744 3637 terras
763 3586 869 3651 omnis,
886 3588 939 3642 tot
954 3578 1114 3653 inhospita
1130 3588 1209 3630 suut·
