3242 4159
382 542 428 591 318
616 534 645 581 P.
663 530 818 579 viimam
835 527 1001 577 MARONIS

383 623 462 675 Nunc
480 618 607 671 invenem
625 612 767 683 inparibus
784 611 865 665 video
883 625 1050 664 concurrere
1065 612 1142 682 fatis,

383 699 586 761 Parcarumque
604 691 665 744 dies
683 693 713 742 et
730 689 771 741 vis
787 686 898 739 inimica
915 687 1091 755 propinquat
1201 703 1233 744 m
1284 751 1286 760 ‚

383 774 444 827 Non
456 785 578 840 pugnam
590 768 713 835 aspicere
724 763 793 816 hane
805 762 898 831 oculis,
911 778 965 814 non
977 763 1092 817 foedera
1103 781 1218 833 possum.

382 850 422 900 'lu
439 862 490 916 pro
509 859 639 912 germano
657 842 680 894 si
699 841 768 908 quid
785 839 959 907 praesentius
976 840 1070 909 audes,

383 926 485 991 Perge3
504 921 592 974 decet
629 919 732 971 Forsan
752 916 867 968 miseros
885 915 1000 968 meliora
1018 924 1180 987 sequentur.

383 1000 438 1052 Vix
456 1016 501 1052 ea:
521 1014 583 1050 eum
601 994 726 1046 lacrimas
745 994 829 1046 oculis
848 992 966 1045 Iuturna
983 995 1117 1063 profudit,

382 1077 489 1143 Terque
502 1078 655 1142 quaterque
667 1088 749 1123 manu
761 1077 858 1141 pectus
870 1072 1007 1141 percussit
1018 1074 1179 1145 honestum,
1204 1089 1239 1127 rso

382 1154 444 1205 Xon
462 1151 581 1203 lacrimis
598 1149 650 1202 hoc
668 1153 783 1219 tempus,
802 1151 842 1202 ait
861 1149 991 1203 Saturnia
1010 1150 1098 1216 Iun0;
1176 1148 1179 1154 ’

383 1229 527 1295 Adcelera,
545 1231 574 1281 et
592 1228 713 1293 fratrem,
733 1227 756 1279 si
775 1227 837 1295 quis
854 1227 960 1292 modus,
981 1227 1059 1295 eripe
1076 1227 1177 1291 morti;

383 1307 442 1357 Aut
460 1309 491 1357 tu
508 1304 582 1357 bella
600 1304 650 1373 cie,
668 1306 885 1372 conceptumque
903 1306 1002 1356 excute
1020 1303 1127 1356 foedus.

384 1384 488 1434 Auctor
506 1398 557 1447 ego
575 1380 702 1433 audendi.
739 1380 783 1433 Sic
802 1379 948 1432 exhortata
965 1378 1080 1448 reliquit

384 1456 522 1509 Incertam
541 1460 570 1509 ct
587 1456 662 1510 tristi
679 1455 819 1509 turbatam
836 1454 946 1507 volnere
963 1455 1071 1508 mentis.
1204 1468 1241 1508 1oe

419 1531 529 1585 Interea
547 1548 634 1597 reges,
653 1531 759 1598 ingenti
776 1531 849 1583 mole
867 1530 983 1584 Latinus

383 1608 552 1674 Quadriiugo
570 1607 680 1659 vehitur
697 1623 787 1672 curru,
805 1606 850 1659 cui
868 1609 993 1675 tempora
1009 1605 1115 1659 circum

384 1684 484 1737 Aurati
501 1681 545 1737 bis
563 1699 612 1736 sex
630 1682 700 1735 radii
718 1682 853 1750 fulgentia
871 1681 993 1750 cingrmt,

383 1758 453 1811 Solis
471 1759 515 1812 avi
533 1758 685 1829 specimen3
702 1757 774 1826 bigis
792 1758 815 1811 it
833 1758 942 1811 Turnus
959 1757 989 1810 in
1005 1756 1083 1826 albis,

386 1833 455 1886 Bina
472 1850 554 1887 manu
571 1836 628 1889 lato
646 1834 769 1903 crispans
786 1833 897 1887 hastilia
913 1834 995 1887 ferro.
1205 1850 1241 1889 ιω

386 1909 457 1962 Hine
475 1913 555 1977 pater
573 1912 689 1977 Aeneas,
709 1911 850 1963 Romanae
868 1910 961 1978 stirpis
979 1908 1063 1977 origo,

384 1984 497 2037 Siderea
515 1986 632 2053 flagrans
650 1986 736 2054 clipeo
754 1989 783 2039 et
800 1985 965 2039 caelestibus
982 1985 1074 2052 armis,

385 2061 420 2113 Et
438 2061 516 2113 iuxta
536 2062 677 2128 Ascanius,
696 2078 810 2127 magnae
828 2077 891 2130 spes
908 2060 996 2114 altera
1013 2060 1127 2129 Rerum,

386 2136 542 2189 Procedunt
559 2136 663 2202 castris,
681 2152 805 2204 puraque
823 2137 852 2189 in
869 2140 946 2190 reste
964 2136 1091 2190 sacerdos

384 2211 542 2279 Saetigerae
560 2211 648 2265 fetum
666 2210 721 2265 suis
739 2212 931 2281 intonsamque
947 2212 1089 2266 bidentem
1203 2228 1241 2269 1⁷⁰
1274 2228 1282 2240 ‘

386 2288 499 2356 Attulit,
511 2287 686 2357 admovitque
703 2304 787 2356 pecus
804 2287 984 2355 flagrantibus
1001 2288 1063 2341 aris.

387 2364 430 2416 llli
448 2363 484 2417 ad
502 2368 659 2431 surgentem
677 2364 799 2417 conversi
818 2364 921 2417 lumina
938 2364 1022 2417 solem

385 2440 459 2493 Dant
475 2440 570 2507 fruges
586 2441 712 2494 manibus
730 2440 823 2508 salsas,
841 2443 871 2492 et
887 2443 1011 2509 tempora
1027 2439 1100 2493 ferro

385 2516 497 2568 Summa
513 2519 610 2569 notant
627 2517 769 2584 pecudum,
787 2515 946 2584 paterisque
963 2516 1061 2569 altaria
1077 2514 1176 2571 libant.

384 2590 453 2644 Tum
470 2591 532 2659 pius
550 2593 660 2645 Aeneas
678 2593 775 2645 stricto
794 2591 833 2644 sic
850 2607 916 2644 ense
932 2595 1074 2659 precatur:
1204 2608 1240 2647 175

386 2666 451 2719 llsto
469 2683 541 2719 nunc
560 2667 606 2720 Sol
624 2668 705 2721 testis
723 2672 752 2722 et
769 2668 838 2721 haec
855 2667 922 2719 mihi
940 2667 1026 2720 Terra
1042 2668 1162 2732 vocanti,

385 2740 472 2804 Quam
489 2741 604 2809 propter
621 2745 713 2795 tantos
731 2743 808 2811 potui
826 2743 949 2811 perferre
968 2742 1082 2807 labores,

385 2818 422 2871 lit
440 2816 524 2870 Pater
542 2816 722 2886 omnipotens,
741 2821 771 2872 et
788 2822 821 2873 tu
839 2818 969 2873 Saturnia
986 2818 1111 2883 coniunx,

385 2894 445 2947 Iam
462 2894 564 2959 melior,
583 2893 645 2962 iam,
664 2893 735 2965 diva,
752 2911 863 2963 precor3
880 2899 967 2962 tuque
984 2893 1087 2947 inclute
1105 2893 1227 2959 Mavors,

384 2969 490 3024 Cuncta
508 2974 556 3024 tuo
575 2971 622 3039 qui
639 2968 718 3038 bella,
737 2975 824 3040 pater,
843 2970 895 3024 sub
912 2971 1023 3023 numine
1041 2973 1172 3037 torques;
1203 2984 1240 3022 reo

384 3046 535 3116 Fontisque
554 3048 719 3115 Fluviosque
736 3063 809 3115 voco,
829 3064 955 3116 quaeque
972 3044 1093 3100 aetheris
1110 3044 1162 3098 alti

384 3122 499 3191 Religio,
518 3126 547 3176 et
565 3140 636 3191 quae
654 3122 777 3177 caeruleo
796 3127 861 3177 sunt
878 3122 991 3175 numina
1007 3124 1105 3188 ponto:

384 3197 505 3254 Gesserit
524 3199 646 3252 Ausonio
664 3199 687 3252 si
705 3200 760 3252 fors
778 3199 894 3253 victoria
911 3198 1009 3265 Turno,

384 3272 518 3328 Convenit
536 3275 659 3328 Euandri
677 3275 764 3329 victos
782 3275 926 3329 discedere
943 3275 980 3328 ad
996 3273 1109 3338 urbem3

382 3347 471 3406 Oedet
486 3350 567 3406 iulus
584 3350 674 3422 agris3
691 3368 742 3406 nec
757 3355 823 3422 post
839 3366 915 3403 arma
931 3351 988 3405 ulla
1004 3347 1123 3403 rebelles
1202 3364 1240 3405 ras

362 3424 522 3489 Aeneadae
539 3430 678 3504 referent,
695 3431 808 3487 ferrove
823 3428 896 3482 haec
910 3425 1155 3511 reguulacessenu

347 3501 402 3563 δὴ]
421 3516 560 3571 nostrum
582 3510 727 3572 adnuerit
747 3506 836 3565 nobis
851 3503 987 3557 Victoria
997 3498 1168 3553 blattam-

347 3577 611 3701 WQNW’
629 3596 666 3652 ⁰¹⁵
687 3590 797 3665 mlius
815 3584 848 3640 (Υὶ
866 3575 991 3634 numme
1004 3568 1158 3623 firment-
