3242 4159
634 528 817 576 AENEIDOS
839 528 908 579 LIB.
930 528 979 577 IV.
1183 534 1228 580 159

373 611 521 679 Karthago
533 612 581 663 aut
593 609 706 677 entique
718 608 808 675 Tyros,
822 606 1000 680 flammaeque
1011 611 1134 665 furentes
1193 625 1230 665 oto

373 688 502 741 Culmina
518 702 622 755 perque
639 685 778 737 homiuum
796 684 939 739 volvantur
956 705 1061 757 perque
1078 688 1199 741 deorum,

373 763 477 818 Audiit
495 763 633 829 exanimis,
652 760 817 828 trepidoque
835 764 970 817 exterrita
988 780 1068 817 cursu

373 838 522 907 Unguibus
540 854 588 891 oro
607 854 683 892 soror
700 836 813 890 foedans
831 840 860 889 et
877 837 989 906 pectora
1006 840 1104 908 pugnis

373 916 430 970 Per
448 914 554 969 medios
571 915 635 982 ruit,
653 930 684 967 ac
702 913 865 967 morientem
883 916 1118 970 nomineclemat:

373 992 438 1045 Hoc
454 990 531 1059 illud,
548 1007 684 1059 germano,
703 989 773 1043 luitl
792 1006 837 1042 me
853 989 951 1044 fraude
968 992 1100 1059 petebesl
1193 1005 1230 1045 ere

373 1068 437 1121 Hoc
454 1083 537 1134 rogus
554 1067 607 1119 iste
624 1066 698 1133 mihi,
715 1065 767 1119 hoc
784 1065 861 1132 ignee
878 1083 997 1136 araeque
1014 1068 1165 1137 parabant?

373 1143 449 1209 Quid
466 1144 584 1212 primum
603 1142 714 1197 deserta
732 1143 847 1209 quereri
865 1144 1027 1198 comitemne
1047 1162 1166 1198 sororem

373 1220 509 1289 Sprevisti
527 1220 660 1272 moriens?
697 1218 800 1271 lladcm
819 1235 863 1271 me
881 1219 917 1272 ad
935 1220 992 1273 feta
1010 1237 1148 1285 vocasscs;

373 1296 456 1351 Idem
475 1295 568 1360 ambas
585 1295 657 1347 ferro
676 1294 759 1362 dolor,
778 1298 863 1362 atque
880 1295 977 1349 eadem
994 1296 1062 1349 hore
1078 1296 1193 1351 tulisset.

373 1373 429 1426 His
447 1373 529 1427 etiam
547 1371 636 1426 struxi
654 1371 784 1439 manibus„
802 1372 962 1441 patriosque
977 1374 1069 1427 vocavi
1192 1389 1229 1427 oso

373 1449 451 1503 Voce
469 1449 541 1518 deos,
559 1450 643 1503 sicto
660 1452 692 1501 ut
708 1449 796 1517 posita
815 1448 932 1502 crudelis
949 1449 1091 1503 abessem?

373 1525 515 1579 Exstinxti
531 1529 561 1580 tc
578 1542 684 1594 meque,
703 1541 786 1593 soror,
804 1525 988 1594 populumque
1006 1529 1152 1595 patresque

372 1601 500 1655 Sidonios
516 1601 667 1669 urbemque
684 1605 767 1655 tuom.
805 1603 877 1654 Dato
894 1601 1003 1655 volnera
1019 1602 1141 1670 lymphis,

372 1677 502 1745 Abluam,
520 1682 556 1746 et,
575 1682 713 1731 extremus
732 1678 755 1730 ei
773 1678 833 1746 quis
853 1694 935 1746 super
952 1678 1054 1731 halitus
1071 1680 1153 1744 erret,

372 1754 432 1808 Ore
448 1754 544 1822 legam.
580 1754 625 1808 Sic
642 1754 699 1807 iata
716 1753 818 1821 gradus
836 1756 961 1808 evaserat
978 1753 1056 1819 altos,
1191 1769 1228 1805 ese

373 1830 622 1898 semianimemque
640 1831 699 1883 sinu
717 1846 874 1897 germanam
891 1830 1016 1898 amplexa
1034 1828 1145 1882 fovebat

373 1906 446 1960 (lum
462 1906 574 1975 gemitu,
593 1910 676 1973 atque
694 1910 769 1959 atros
787 1904 908 1959 siccabat·
924 1908 1001 1959 veste
1018 1921 1136 1959 cruores.

373 1982 436 2048 llio,
453 1983 543 2049 gravis
561 1982 652 2036 oculos
670 1985 767 2035 conatu
784 1981 919 2049 attollere,
938 1998 1033 2034 rursus

372 2057 491 2123 Deficit;
507 2052 620 2111 infixum
639 2056 732 2111 stridit
750 2057 800 2111 sub
819 2061 931 2125 pectore
948 2057 1052 2111 volnus.

336 2158 339 2162 ¹
372 2134 430 2187 Ter
447 2150 507 2187 sese
523 2135 651 2188 attollens
671 2134 818 2202 cubitoque
835 2134 935 2188 adnixa
953 2134 1054 2188 levavit
1060 2152 1068 2198 ;
1192 2147 1228 2186 eoo

372 2210 429 2263 Ter
445 2210 569 2263 revoluta
586 2213 647 2265 toro
665 2215 715 2277 est,
735 2210 872 2279 oculisque
891 2210 1046 2264 errantibus
1064 2208 1119 2263 alto

373 2286 514 2349 Quaesivit
531 2286 605 2341 coelo
623 2286 719 2352 lucem,
738 2286 927 2355 ingemuitque
945 2288 1062 2354 repertu·

408 2360 477 2415 'lum
497 2362 565 2416 Iuno
583 2363 761 2431 omnipotens,
778 2363 889 2430 longum
907 2363 1036 2415 miserata
1053 2360 1174 2413 dolorem

374 2436 551 2506 Difficilisque
569 2438 668 2507 obitus,
687 2439 754 2492 Irim
774 2438 885 2491 demisit
903 2438 1026 2506 Olympo,

373 2513 451 2577 Quae
462 2513 611 2568 luctantem
623 2514 741 2569 enimam
753 2530 894 2582 nexosque
906 2512 1056 2567 resolveret
1068 2515 1151 2566 artus.
1190 2526 1227 2565 005

373 2589 528 2658 Numquis
544 2607 595 2645 nec
611 2591 676 2659 feto,
695 2591 795 2645 merita
811 2606 862 2643 nec
879 2592 967 2643 morte
983 2590 1099 2658 peribat,

373 2665 430 2719 Sed
446 2666 547 2720 misera
564 2671 629 2721 anto
647 2669 727 2735 diem,
745 2667 892 2735 subitoque
911 2682 1023 2720 accensa
1040 2666 1139 2735 furore,

373 2741 504 2795 Nondum
520 2742 559 2795 illi
576 2742 675 2796 flavum
694 2744 856 2813 Proserpina
873 2744 975 2797 vertice
993 2743 1094 2797 crinem

374 2818 546 2890 Abstulerat,
565 2818 713 2888 Stygioque
731 2823 813 2889 ceput
831 2819 1009 2874 damnaverat
1027 2820 1105 2873 Oreo.

373 2894 448 2961 Ergo
467 2894 521 2948 Iris
539 2895 640 2949 croceis
658 2912 707 2964 per
724 2896 828 2949 caelum
847 2895 954 2949 roscida
971 2896 1078 2965 pennis,
1190 2908 1227 2948 roo

373 2969 451 3023 Mille
468 2971 579 3025 trahens
597 2971 685 3023 vorios
703 2971 819 3024 adverso
838 2972 895 3025 eolc
912 2971 1026 3037 colores,

372 3045 498 3115 Devolat,
516 3051 545 3100 et
563 3063 645 3114 supra
662 3050 744 3115 ceput
762 3046 885 3101 adstitit:
905 3047 986 3099 Hunc
1005 3062 1055 3113 ego
1073 3044 1133 3097 Diti

372 3122 488 3177 Sacrum
505 3122 578 3176 iussa
594 3123 661 3190 fero,
680 3127 764 3191 teque
781 3122 836 3175 isto
853 3138 967 3189 corpore
985 3122 1065 3173 solvo.

373 3198 418 3251 Sic
435 3198 481 3264 uit,
500 3202 529 3251 et
547 3197 647 3251 dextro
664 3198 766 3252 crinem
783 3200 871 3251 secat:
890 3197 976 3250 omnis
994 3200 1023 3249 et
1040 3211 1093 3249 uno

373 3272 502 3341 Dilapsus
520 3273 601 3341 calor,
618 3276 703 3343 atquo
720 3275 749 3327 in
766 3276 864 3328 ventos
880 3272 938 3326 vito
954 3270 1075 3326 recessit.
1125 3291 1128 3296 ·
1189 3285 1226 3327 voe
