<?xml version="1.0" encoding="UTF-8"?>
<!DOCTYPE html PUBLIC "-//W3C//DTD XHTML 1.0 Transitional//EN"
    "http://www.w3.org/TR/xhtml1/DTD/xhtml1-transitional.dtd">
<html xmlns="http://www.w3.org/1999/xhtml" xml:lang="en" lang="en">
 <head>
  <title>
</title>
<meta http-equiv="Content-Type" content="text/html;charset=utf-8" />
  <meta name='ocr-system' content='tesseract 3.04.00' />
  <meta name='ocr-capabilities' content='ocr_page ocr_carea ocr_par ocr_line ocrx_word'/>
</head>
<body>
  <div class='ocr_page' id='page_1' title='image "./publivergilimar00conigoog/publivergilimar00conigoog_0341.png"; bbox 0 0 3242 4159; ppageno 0'>
   <div class='ocr_carea' id='block_1_1' title="bbox 649 539 1250 595">
    <p class='ocr_par' dir='ltr' id='par_1_1' title="bbox 649 539 1250 595">
     <span class='ocr_line' id='line_1_1' title="bbox 649 539 1250 595; baseline 0.013 -8"><span class='ocrx_word' id='word_1_1' title='bbox 649 539 833 589; x_wconf 78' lang='lat' dir='ltr'>AENEIDOS</span> <span class='ocrx_word' id='word_1_2' title='bbox 850 541 919 592; x_wconf 90' lang='lat' dir='ltr'><strong>LIB.</strong></span> <span class='ocrx_word' id='word_1_3' title='bbox 938 542 1005 593; x_wconf 90' lang='lat' dir='ltr'>XII.</span> <span class='ocrx_word' id='word_1_4' title='bbox 1040 578 1043 582; x_wconf 34' lang='grc' dir='ltr'><em>ι</em></span> <span class='ocrx_word' id='word_1_5' title='bbox 1203 550 1250 595; x_wconf 83' lang='grc'><strong>315</strong></span> 
     </span>
    </p>
   </div>
   <div class='ocr_carea' id='block_1_2' title="bbox 353 621 1252 3347">
    <p class='ocr_par' dir='ltr' id='par_1_2' title="bbox 393 621 1251 2361">
     <span class='ocr_line' id='line_1_2' title="bbox 393 621 1093 691; baseline 0.006 -18"><span class='ocrx_word' id='word_1_6' title='bbox 393 621 496 674; x_wconf 84' lang='lat' dir='ltr'><strong>Victus</strong></span> <span class='ocrx_word' id='word_1_7' title='bbox 514 636 606 673; x_wconf 87' lang='lat' dir='ltr'><strong>amore</strong></span> <span class='ocrx_word' id='word_1_8' title='bbox 624 621 674 687; x_wconf 88' lang='lat' dir='ltr'><strong>tui,</strong></span> <span class='ocrx_word' id='word_1_9' title='bbox 691 624 807 689; x_wconf 83' lang='lat' dir='ltr'><strong>cognate</strong></span> <span class='ocrx_word' id='word_1_10' title='bbox 825 622 955 690; x_wconf 89' lang='lat' dir='ltr'><strong>sanguine</strong></span> <span class='ocrx_word' id='word_1_11' title='bbox 973 624 1069 691; x_wconf 88' lang='lat' dir='ltr'><strong>victus,</strong></span> <span class='ocrx_word' id='word_1_12' title='bbox 1091 637 1093 642; x_wconf 84' lang='grc'><strong>’</strong></span> 
     </span>
     <span class='ocr_line' id='line_1_3' title="bbox 394 696 1251 771; baseline 0.008 -21"><span class='ocrx_word' id='word_1_13' title='bbox 394 696 526 763; x_wconf 80' lang='lat' dir='ltr'><strong>Coniugis</strong></span> <span class='ocrx_word' id='word_1_14' title='bbox 544 699 573 749; x_wconf 91' lang='lat' dir='ltr'><strong>et</strong></span> <span class='ocrx_word' id='word_1_15' title='bbox 590 699 711 750; x_wconf 81' lang='lat' dir='ltr'><strong>maestae</strong></span> <span class='ocrx_word' id='word_1_16' title='bbox 729 697 854 765; x_wconf 78' lang='lat' dir='ltr'><strong>lacrimis,</strong></span> <span class='ocrx_word' id='word_1_17' title='bbox 872 699 960 752; x_wconf 88' lang='lat' dir='ltr'><strong>vincla</strong></span> <span class='ocrx_word' id='word_1_18' title='bbox 977 700 1068 753; x_wconf 87' lang='lat' dir='ltr'><strong>omnia</strong></span> <span class='ocrx_word' id='word_1_19' title='bbox 1084 702 1163 771; x_wconf 86' lang='lat' dir='ltr'><strong>rupi:</strong></span> <span class='ocrx_word' id='word_1_20' title='bbox 1224 718 1251 757; x_wconf 82' lang='lat' dir='ltr'><strong>sn</strong></span> 
     </span>
     <span class='ocr_line' id='line_1_4' title="bbox 395 772 1130 844; baseline 0.007 -18"><span class='ocrx_word' id='word_1_21' title='bbox 395 772 563 826; x_wconf 75' lang='lat' dir='ltr'><strong>Promissam</strong></span> <span class='ocrx_word' id='word_1_22' title='bbox 582 772 670 839; x_wconf 88' lang='lat' dir='ltr'><strong>eripui</strong></span> <span class='ocrx_word' id='word_1_23' title='bbox 686 789 807 841; x_wconf 78' lang='lat' dir='ltr'><strong>gener03</strong></span> <span class='ocrx_word' id='word_1_24' title='bbox 824 791 900 827; x_wconf 89' lang='lat' dir='ltr'><strong>arma</strong></span> <span class='ocrx_word' id='word_1_25' title='bbox 917 775 1002 843; x_wconf 91' lang='lat' dir='ltr'><strong>impia</strong></span> <span class='ocrx_word' id='word_1_26' title='bbox 1019 776 1130 844; x_wconf 88' lang='lat' dir='ltr'><strong>sumpsi.</strong></span> 
     </span>
     <span class='ocr_line' id='line_1_5' title="bbox 394 847 1118 919; baseline 0.004 -17"><span class='ocrx_word' id='word_1_27' title='bbox 394 849 439 902; x_wconf 85' lang='lat' dir='ltr'><strong>Ex</strong></span> <span class='ocrx_word' id='word_1_28' title='bbox 458 847 504 901; x_wconf 92' lang='lat' dir='ltr'><strong>illo</strong></span> <span class='ocrx_word' id='word_1_29' title='bbox 523 848 570 917; x_wconf 92' lang='lat' dir='ltr'><strong>qui</strong></span> <span class='ocrx_word' id='word_1_30' title='bbox 588 863 633 901; x_wconf 89' lang='lat' dir='ltr'><strong>me</strong></span> <span class='ocrx_word' id='word_1_31' title='bbox 651 864 735 914; x_wconf 85' lang='lat' dir='ltr'><strong>casus,</strong></span> <span class='ocrx_word' id='word_1_32' title='bbox 753 866 832 917; x_wconf 89' lang='lat' dir='ltr'><strong>quae,</strong></span> <span class='ocrx_word' id='word_1_33' title='bbox 851 850 949 919; x_wconf 83' lang='lat' dir='ltr'><strong>Turne,</strong></span> <span class='ocrx_word' id='word_1_34' title='bbox 968 854 1118 919; x_wconf 90' lang='lat' dir='ltr'><strong>sequantur</strong></span> 
     </span>
     <span class='ocr_line' id='line_1_6' title="bbox 393 924 1095 993; baseline 0.004 -15"><span class='ocrx_word' id='word_1_35' title='bbox 393 924 482 991; x_wconf 85' lang='lat' dir='ltr'><strong>Bella,</strong></span> <span class='ocrx_word' id='word_1_36' title='bbox 501 924 585 991; x_wconf 85' lang='lat' dir='ltr'><strong>vides,</strong></span> <span class='ocrx_word' id='word_1_37' title='bbox 603 926 719 992; x_wconf 88' lang='lat' dir='ltr'><strong>quantos</strong></span> <span class='ocrx_word' id='word_1_38' title='bbox 737 926 842 993; x_wconf 89' lang='lat' dir='ltr'><strong>primus</strong></span> <span class='ocrx_word' id='word_1_39' title='bbox 859 926 965 993; x_wconf 88' lang='lat' dir='ltr'><strong>patiare</strong></span> <span class='ocrx_word' id='word_1_40' title='bbox 982 926 1095 982; x_wconf 73' lang='lat' dir='ltr'><strong>labores,</strong></span> 
     </span>
     <span class='ocr_line' id='line_1_7' title="bbox 394 1000 1030 1069; baseline 0.006 -16"><span class='ocrx_word' id='word_1_41' title='bbox 394 1001 446 1054; x_wconf 91' lang='lat' dir='ltr'><strong>Bis</strong></span> <span class='ocrx_word' id='word_1_42' title='bbox 463 1016 561 1068; x_wconf 87' lang='lat' dir='ltr'><strong>magna</strong></span> <span class='ocrx_word' id='word_1_43' title='bbox 578 1000 644 1054; x_wconf 85' lang='lat' dir='ltr'><strong>victi</strong></span> <span class='ocrx_word' id='word_1_44' title='bbox 661 1017 752 1069; x_wconf 86' lang='lat' dir='ltr'><strong>pugna</strong></span> <span class='ocrx_word' id='word_1_45' title='bbox 770 1001 816 1053; x_wconf 85' lang='lat' dir='ltr'><strong>vix</strong></span> <span class='ocrx_word' id='word_1_46' title='bbox 833 1001 902 1055; x_wconf 87' lang='lat' dir='ltr'><strong>urbe</strong></span> <span class='ocrx_word' id='word_1_47' title='bbox 920 1005 1030 1056; x_wconf 80' lang='lat' dir='ltr'><strong>tuemur</strong></span> 
     </span>
     <span class='ocr_line' id='line_1_8' title="bbox 394 1076 1249 1145; baseline 0.006 -14"><span class='ocrx_word' id='word_1_48' title='bbox 394 1077 467 1145; x_wconf 80' lang='lat' dir='ltr'><strong>Spes</strong></span> <span class='ocrx_word' id='word_1_49' title='bbox 484 1076 587 1142; x_wconf 83' lang='lat' dir='ltr'><strong>Italas;</strong></span> <span class='ocrx_word' id='word_1_50' title='bbox 605 1076 726 1130; x_wconf 84' lang='lat' dir='ltr'><strong>recalent</strong></span> <span class='ocrx_word' id='word_1_51' title='bbox 742 1080 837 1130; x_wconf 88' lang='lat' dir='ltr'><strong>nostro</strong></span> <span class='ocrx_word' id='word_1_52' title='bbox 856 1077 983 1132; x_wconf 80' lang='lat' dir='ltr'><strong>Tiberina</strong></span> <span class='ocrx_word' id='word_1_53' title='bbox 1000 1076 1104 1133; x_wconf 85' lang='lat' dir='ltr'><strong>fluenta</strong></span> <span class='ocrx_word' id='word_1_54' title='bbox 1224 1097 1249 1136; x_wconf 77' lang='lat' dir='ltr'><strong>ss</strong></span> 
     </span>
     <span class='ocr_line' id='line_1_9' title="bbox 394 1151 1193 1221; baseline 0.004 -14"><span class='ocrx_word' id='word_1_55' title='bbox 394 1152 534 1221; x_wconf 77' lang='lat' dir='ltr'>Sanguine</span> <span class='ocrx_word' id='word_1_56' title='bbox 551 1151 648 1220; x_wconf 88' lang='lat' dir='ltr'><strong>adhuc,</strong></span> <span class='ocrx_word' id='word_1_57' title='bbox 666 1153 809 1221; x_wconf 78' lang='lat' dir='ltr'><strong>campique</strong></span> <span class='ocrx_word' id='word_1_58' title='bbox 826 1152 951 1220; x_wconf 81' lang='lat' dir='ltr'>ingentes</span> <span class='ocrx_word' id='word_1_59' title='bbox 969 1154 1075 1209; x_wconf 87' lang='lat' dir='ltr'><strong>essibus</strong></span> <span class='ocrx_word' id='word_1_60' title='bbox 1092 1154 1193 1211; x_wconf 90' lang='lat' dir='ltr'><strong>albent.</strong></span> 
     </span>
     <span class='ocr_line' id='line_1_10' title="bbox 396 1228 1190 1297; baseline 0.008 -16"><span class='ocrx_word' id='word_1_61' title='bbox 396 1229 457 1293; x_wconf 86' lang='lat' dir='ltr'><strong>Quo</strong></span> <span class='ocrx_word' id='word_1_62' title='bbox 474 1229 578 1282; x_wconf 86' lang='lat' dir='ltr'><strong>referor</strong></span> <span class='ocrx_word' id='word_1_63' title='bbox 595 1228 715 1282; x_wconf 74' lang='lat' dir='ltr'><strong>totiens?</strong></span> <span class='ocrx_word' id='word_1_64' title='bbox 733 1245 804 1297; x_wconf 91' lang='lat' dir='ltr'><strong>quae</strong></span> <span class='ocrx_word' id='word_1_65' title='bbox 821 1231 942 1282; x_wconf 88' lang='lat' dir='ltr'><strong>mentem</strong></span> <span class='ocrx_word' id='word_1_66' title='bbox 959 1229 1064 1283; x_wconf 92' lang='lat' dir='ltr'><strong>insania</strong></span> <span class='ocrx_word' id='word_1_67' title='bbox 1081 1234 1190 1287; x_wconf 81' lang='lat' dir='ltr'><strong>mutati</strong></span> 
     </span>
     <span class='ocr_line' id='line_1_11' title="bbox 395 1304 1133 1374; baseline 0.004 -17"><span class='ocrx_word' id='word_1_68' title='bbox 395 1305 425 1358; x_wconf 82' lang='lat' dir='ltr'><strong>Si</strong></span> <span class='ocrx_word' id='word_1_69' title='bbox 444 1304 535 1357; x_wconf 79' lang='lat' dir='ltr'><strong>&#39;lnrno</strong></span> <span class='ocrx_word' id='word_1_70' title='bbox 552 1305 688 1358; x_wconf 80' lang='lat' dir='ltr'><strong>exstincto</strong></span> <span class='ocrx_word' id='word_1_71' title='bbox 706 1304 791 1358; x_wconf 85' lang='lat' dir='ltr'><strong>socios</strong></span> <span class='ocrx_word' id='word_1_72' title='bbox 809 1322 869 1358; x_wconf 90' lang='lat' dir='ltr'><strong>sum</strong></span> <span class='ocrx_word' id='word_1_73' title='bbox 888 1304 994 1358; x_wconf 80' lang='lat' dir='ltr'><strong>adscim</strong></span> <span class='ocrx_word' id='word_1_74' title='bbox 1011 1309 1133 1374; x_wconf 87' lang='lat' dir='ltr'><strong>paratus,</strong></span> 
     </span>
     <span class='ocr_line' id='line_1_12' title="bbox 395 1380 1050 1449; baseline 0.002 -15"><span class='ocrx_word' id='word_1_75' title='bbox 395 1380 453 1435; x_wconf 85' lang='lat' dir='ltr'><strong>Cur</strong></span> <span class='ocrx_word' id='word_1_76' title='bbox 468 1396 524 1433; x_wconf 86' lang='lat' dir='ltr'><strong>non</strong></span> <span class='ocrx_word' id='word_1_77' title='bbox 540 1381 667 1434; x_wconf 88' lang='lat' dir='ltr'><strong>incolumi</strong></span> <span class='ocrx_word' id='word_1_78' title='bbox 685 1380 777 1449; x_wconf 90' lang='lat' dir='ltr'><strong>potius</strong></span> <span class='ocrx_word' id='word_1_79' title='bbox 795 1380 946 1434; x_wconf 85' lang='lat' dir='ltr'><strong>certamina</strong></span> <span class='ocrx_word' id='word_1_80' title='bbox 964 1381 1050 1435; x_wconf 80' lang='lat' dir='ltr'><strong>tollet</strong></span> 
     </span>
     <span class='ocr_line' id='line_1_13' title="bbox 395 1450 1248 1524; baseline 0.004 -15"><span class='ocrx_word' id='word_1_81' title='bbox 395 1456 470 1521; x_wconf 83' lang='lat' dir='ltr'><strong>Quid</strong></span> <span class='ocrx_word' id='word_1_82' title='bbox 487 1456 677 1524; x_wconf 87' lang='lat' dir='ltr'><strong>consanguinei</strong></span> <span class='ocrx_word' id='word_1_83' title='bbox 696 1456 800 1524; x_wconf 78' lang='lat' dir='ltr'><strong>Rutuli,</strong></span> <span class='ocrx_word' id='word_1_84' title='bbox 819 1455 886 1524; x_wconf 91' lang='lat' dir='ltr'><strong>quid</strong></span> <span class='ocrx_word' id='word_1_85' title='bbox 904 1459 998 1510; x_wconf 87' lang='lat' dir='ltr'><strong>cetera</strong></span> <span class='ocrx_word' id='word_1_86' title='bbox 1015 1450 1096 1511; x_wconf 63' lang='lat' dir='ltr'><strong>dicet*</strong></span> <span class='ocrx_word' id='word_1_87' title='bbox 1223 1474 1248 1511; x_wconf 78' lang='lat' dir='ltr'><strong>m</strong></span> 
     </span>
     <span class='ocr_line' id='line_1_14' title="bbox 395 1531 1128 1598; baseline 0.003 -12"><span class='ocrx_word' id='word_1_88' title='bbox 395 1531 486 1598; x_wconf 87' lang='lat' dir='ltr'><strong>Italia,</strong></span> <span class='ocrx_word' id='word_1_89' title='bbox 504 1531 541 1585; x_wconf 87' lang='lat' dir='ltr'><strong>ad</strong></span> <span class='ocrx_word' id='word_1_90' title='bbox 557 1534 673 1585; x_wconf 86' lang='lat' dir='ltr'><strong>mortem</strong></span> <span class='ocrx_word' id='word_1_91' title='bbox 692 1533 715 1585; x_wconf 88' lang='lat' dir='ltr'><strong>si</strong></span> <span class='ocrx_word' id='word_1_92' title='bbox 732 1533 864 1585; x_wconf 87' lang='lat' dir='ltr'><strong>te—Fors</strong></span> <span class='ocrx_word' id='word_1_93' title='bbox 882 1531 957 1586; x_wconf 79' lang='lat' dir='ltr'><strong>dictu</strong></span> <span class='ocrx_word' id='word_1_94' title='bbox 975 1533 1080 1587; x_wconf 87' lang='lat' dir='ltr'><strong>refutet</strong></span> <span class='ocrx_word' id='word_1_95' title='bbox 1087 1537 1128 1587; x_wconf 77' lang='lat'><strong>1-</strong></span> 
     </span>
     <span class='ocr_line' id='line_1_15' title="bbox 394 1605 1171 1677; baseline 0.004 -16"><span class='ocrx_word' id='word_1_96' title='bbox 394 1606 576 1674; x_wconf 87' lang='lat' dir='ltr'><strong>Prodiderim,</strong></span> <span class='ocrx_word' id='word_1_97' title='bbox 594 1610 687 1661; x_wconf 86' lang='lat' dir='ltr'><strong>natam</strong></span> <span class='ocrx_word' id='word_1_98' title='bbox 705 1610 735 1661; x_wconf 92' lang='lat' dir='ltr'><strong>et</strong></span> <span class='ocrx_word' id='word_1_99' title='bbox 751 1605 885 1661; x_wconf 86' lang='lat' dir='ltr'><strong>connubia</strong></span> <span class='ocrx_word' id='word_1_100' title='bbox 901 1611 995 1661; x_wconf 89' lang='lat' dir='ltr'><strong>nostra</strong></span> <span class='ocrx_word' id='word_1_101' title='bbox 1012 1611 1171 1677; x_wconf 84' lang='lat' dir='ltr'><strong>petenteml</strong></span> 
     </span>
     <span class='ocr_line' id='line_1_16' title="bbox 394 1682 1076 1753; baseline 0.001 -16"><span class='ocrx_word' id='word_1_102' title='bbox 394 1682 513 1753; x_wconf 77' lang='lat' dir='ltr'><strong>Respice</strong></span> <span class='ocrx_word' id='word_1_103' title='bbox 529 1700 575 1737; x_wconf 90' lang='lat' dir='ltr'><strong>res</strong></span> <span class='ocrx_word' id='word_1_104' title='bbox 592 1682 664 1736; x_wconf 91' lang='lat' dir='ltr'><strong>bello</strong></span> <span class='ocrx_word' id='word_1_105' title='bbox 681 1683 787 1747; x_wconf 87' lang='lat' dir='ltr'><strong>varias;</strong></span> <span class='ocrx_word' id='word_1_106' title='bbox 805 1683 937 1737; x_wconf 88' lang='lat' dir='ltr'><strong>miserere</strong></span> <span class='ocrx_word' id='word_1_107' title='bbox 954 1684 1076 1752; x_wconf 90' lang='lat' dir='ltr'><strong>parentis</strong></span> 
     </span>
     <span class='ocr_line' id='line_1_17' title="bbox 393 1759 1199 1846; baseline 0.001 -33"><span class='ocrx_word' id='word_1_108' title='bbox 393 1759 540 1827; x_wconf 83' lang='lat' dir='ltr'><strong>Longaevi‚</strong></span> <span class='ocrx_word' id='word_1_109' title='bbox 559 1775 641 1827; x_wconf 88' lang='lat' dir='ltr'><strong>quem</strong></span> <span class='ocrx_word' id='word_1_110' title='bbox 658 1775 730 1813; x_wconf 87' lang='lat' dir='ltr'><strong>nune</strong></span> <span class='ocrx_word' id='word_1_111' title='bbox 746 1762 881 1813; x_wconf 88' lang='lat' dir='ltr'><strong>maestum</strong></span> <span class='ocrx_word' id='word_1_112' title='bbox 899 1760 989 1846; x_wconf 83' lang='lat' dir='ltr'><strong>patria</strong></span> <span class='ocrx_word' id='word_1_113' title='bbox 1008 1760 1103 1814; x_wconf 86' lang='lat' dir='ltr'><strong>Ardea</strong></span> <span class='ocrx_word' id='word_1_114' title='bbox 1119 1761 1199 1829; x_wconf 83' lang='lat' dir='ltr'><strong>longe</strong></span> 
     </span>
     <span class='ocr_line' id='line_1_18' title="bbox 393 1834 1246 1905; baseline 0.002 -16"><span class='ocrx_word' id='word_1_115' title='bbox 393 1835 509 1890; x_wconf 84' lang='lat' dir='ltr'><strong>Dividit.</strong></span> <span class='ocrx_word' id='word_1_116' title='bbox 542 1834 764 1905; x_wconf 80' lang='lat' dir='ltr'><strong>Haudquaquam</strong></span> <span class='ocrx_word' id='word_1_117' title='bbox 781 1834 864 1888; x_wconf 82' lang='lat' dir='ltr'><strong>dictis</strong></span> <span class='ocrx_word' id='word_1_118' title='bbox 881 1834 1011 1889; x_wconf 80' lang='lat' dir='ltr'><strong>nolentia</strong></span> <span class='ocrx_word' id='word_1_119' title='bbox 1029 1835 1112 1889; x_wconf 80' lang='lat' dir='ltr'><strong>Furni</strong></span> <span class='ocrx_word' id='word_1_120' title='bbox 1221 1852 1246 1891; x_wconf 75' lang='lat' dir='ltr'><strong>ss</strong></span> 
     </span>
     <span class='ocr_line' id='line_1_19' title="bbox 393 1909 1191 1981; baseline 0 -16"><span class='ocrx_word' id='word_1_121' title='bbox 393 1911 531 1966; x_wconf 79' lang='lat' dir='ltr'><strong>Flectitur</strong></span> <span class='ocrx_word' id='word_1_122' title='bbox 540 1932 547 1977; x_wconf 91' lang='lat'>;</span> <span class='ocrx_word' id='word_1_123' title='bbox 565 1914 711 1981; x_wconf 78' lang='lat' dir='ltr'><strong>exsuperat</strong></span> <span class='ocrx_word' id='word_1_124' title='bbox 728 1910 822 1979; x_wconf 85' lang='lat' dir='ltr'><strong>magis,</strong></span> <span class='ocrx_word' id='word_1_125' title='bbox 840 1909 1030 1979; x_wconf 83' lang='lat' dir='ltr'><strong>aegrescitque</strong></span> <span class='ocrx_word' id='word_1_126' title='bbox 1046 1911 1191 1965; x_wconf 90' lang='lat' dir='ltr'><strong>medendo.</strong></span> 
     </span>
     <span class='ocr_line' id='line_1_20' title="bbox 393 1986 1197 2057; baseline 0.001 -16"><span class='ocrx_word' id='word_1_127' title='bbox 393 1987 436 2042; x_wconf 92' lang='lat' dir='ltr'><strong>Ut</strong></span> <span class='ocrx_word' id='word_1_128' title='bbox 452 1987 571 2057; x_wconf 91' lang='lat' dir='ltr'><strong>primum</strong></span> <span class='ocrx_word' id='word_1_129' title='bbox 587 1986 639 2041; x_wconf 88' lang='lat' dir='ltr'><strong>fari</strong></span> <span class='ocrx_word' id='word_1_130' title='bbox 656 1987 754 2055; x_wconf 90' lang='lat' dir='ltr'><strong>potnit,</strong></span> <span class='ocrx_word' id='word_1_131' title='bbox 771 1987 810 2040; x_wconf 89' lang='lat' dir='ltr'><strong>sic</strong></span> <span class='ocrx_word' id='word_1_132' title='bbox 827 1986 930 2040; x_wconf 90' lang='lat' dir='ltr'><strong>institit</strong></span> <span class='ocrx_word' id='word_1_133' title='bbox 948 2002 1006 2043; x_wconf 88' lang='lat' dir='ltr'><strong>ore:</strong></span> <span class='ocrx_word' id='word_1_134' title='bbox 1195 2006 1197 2010; x_wconf 92' lang='lat'>·</span> 
     </span>
     <span class='ocr_line' id='line_1_21' title="bbox 394 2062 1244 2133; baseline 0.001 -16"><span class='ocrx_word' id='word_1_135' title='bbox 394 2062 484 2129; x_wconf 83' lang='lat' dir='ltr'><strong>Quam</strong></span> <span class='ocrx_word' id='word_1_136' title='bbox 494 2080 545 2133; x_wconf 87' lang='lat' dir='ltr'><strong>pro</strong></span> <span class='ocrx_word' id='word_1_137' title='bbox 556 2079 601 2117; x_wconf 87' lang='lat' dir='ltr'><strong>me</strong></span> <span class='ocrx_word' id='word_1_138' title='bbox 609 2079 703 2117; x_wconf 90' lang='lat' dir='ltr'><strong>curam</strong></span> <span class='ocrx_word' id='word_1_139' title='bbox 714 2062 795 2131; x_wconf 84' lang='lat' dir='ltr'><strong>geris,</strong></span> <span class='ocrx_word' id='word_1_140' title='bbox 807 2062 878 2117; x_wconf 87' lang='lat' dir='ltr'><strong>hane</strong></span> <span class='ocrx_word' id='word_1_141' title='bbox 889 2078 992 2132; x_wconf 83' lang='lat' dir='ltr'><strong>precor,</strong></span> <span class='ocrx_word' id='word_1_142' title='bbox 1004 2067 1125 2133; x_wconf 85' lang='lat' dir='ltr'><strong>optume,</strong></span> <span class='ocrx_word' id='word_1_143' title='bbox 1136 2080 1187 2132; x_wconf 83' lang='lat' dir='ltr'><strong>pro</strong></span> <span class='ocrx_word' id='word_1_144' title='bbox 1199 2079 1244 2118; x_wconf 90' lang='lat' dir='ltr'><strong>me</strong></span> 
     </span>
     <span class='ocr_line' id='line_1_22' title="bbox 393 2138 1074 2209; baseline 0 -16"><span class='ocrx_word' id='word_1_145' title='bbox 393 2138 530 2209; x_wconf 84' lang='lat' dir='ltr'><strong>Deponas,</strong></span> <span class='ocrx_word' id='word_1_146' title='bbox 549 2140 690 2208; x_wconf 90' lang='lat' dir='ltr'><strong>letumque</strong></span> <span class='ocrx_word' id='word_1_147' title='bbox 708 2140 780 2192; x_wconf 90' lang='lat' dir='ltr'><strong>sinas</strong></span> <span class='ocrx_word' id='word_1_148' title='bbox 797 2153 848 2208; x_wconf 86' lang='lat' dir='ltr'><strong>pro</strong></span> <span class='ocrx_word' id='word_1_149' title='bbox 867 2138 949 2192; x_wconf 91' lang='lat' dir='ltr'><strong>laude</strong></span> <span class='ocrx_word' id='word_1_150' title='bbox 967 2139 1074 2206; x_wconf 85' lang='lat' dir='ltr'><strong>pacisci.</strong></span> 
     </span>
     <span class='ocr_line' id='line_1_23' title="bbox 394 2214 1246 2285; baseline -0.002 -14"><span class='ocrx_word' id='word_1_151' title='bbox 394 2215 433 2271; x_wconf 78' lang='lat' dir='ltr'><strong>nt</strong></span> <span class='ocrx_word' id='word_1_152' title='bbox 448 2231 499 2270; x_wconf 90' lang='lat' dir='ltr'><strong>nos</strong></span> <span class='ocrx_word' id='word_1_153' title='bbox 515 2214 579 2283; x_wconf 87' lang='lat' dir='ltr'><strong>tela,</strong></span> <span class='ocrx_word' id='word_1_154' title='bbox 596 2219 683 2285; x_wconf 91' lang='lat' dir='ltr'><strong>pater,</strong></span> <span class='ocrx_word' id='word_1_155' title='bbox 701 2214 860 2283; x_wconf 86' lang='lat' dir='ltr'><strong>ferrumque</strong></span> <span class='ocrx_word' id='word_1_156' title='bbox 878 2214 953 2267; x_wconf 90' lang='lat' dir='ltr'><strong>haud</strong></span> <span class='ocrx_word' id='word_1_157' title='bbox 971 2214 1063 2269; x_wconf 89' lang='lat' dir='ltr'><strong>debile</strong></span> <span class='ocrx_word' id='word_1_158' title='bbox 1081 2216 1181 2269; x_wconf 86' lang='lat' dir='ltr'><strong>dextra</strong></span> <span class='ocrx_word' id='word_1_159' title='bbox 1220 2230 1246 2269; x_wconf 81' lang='lat' dir='ltr'><strong>su</strong></span> 
     </span>
     <span class='ocr_line' id='line_1_24' title="bbox 394 2289 1186 2361; baseline -0.004 -15"><span class='ocrx_word' id='word_1_160' title='bbox 394 2290 569 2361; x_wconf 81' lang='lat' dir='ltr'><strong>Spargimus3</strong></span> <span class='ocrx_word' id='word_1_161' title='bbox 587 2294 616 2345; x_wconf 92' lang='lat' dir='ltr'><strong>et</strong></span> <span class='ocrx_word' id='word_1_162' title='bbox 631 2293 727 2344; x_wconf 88' lang='lat' dir='ltr'><strong>nostro</strong></span> <span class='ocrx_word' id='word_1_163' title='bbox 745 2291 872 2358; x_wconf 90' lang='lat' dir='ltr'><strong>seqnitur</strong></span> <span class='ocrx_word' id='word_1_164' title='bbox 888 2289 925 2342; x_wconf 90' lang='lat' dir='ltr'><strong>de</strong></span> <span class='ocrx_word' id='word_1_165' title='bbox 942 2290 1052 2343; x_wconf 87' lang='lat' dir='ltr'><strong>volnere</strong></span> <span class='ocrx_word' id='word_1_166' title='bbox 1070 2291 1186 2358; x_wconf 80' lang='lat' dir='ltr'><strong>sanguia</strong></span> 
     </span>
    </p>

    <p class='ocr_par' dir='ltr' id='par_1_3' title="bbox 353 2363 1124 2510">
     <span class='ocr_line' id='line_1_25' title="bbox 353 2363 1124 2435; baseline -0.004 -14"><span class='ocrx_word' id='word_1_167' title='bbox 353 2381 357 2386; x_wconf 88' lang='lat'>·</span> <span class='ocrx_word' id='word_1_168' title='bbox 394 2368 490 2435; x_wconf 86' lang='lat' dir='ltr'><strong>Longe</strong></span> <span class='ocrx_word' id='word_1_169' title='bbox 507 2365 547 2419; x_wconf 92' lang='lat' dir='ltr'><strong>illi</strong></span> <span class='ocrx_word' id='word_1_170' title='bbox 563 2365 617 2420; x_wconf 91' lang='lat' dir='ltr'><strong>dea</strong></span> <span class='ocrx_word' id='word_1_171' title='bbox 634 2369 724 2419; x_wconf 88' lang='lat' dir='ltr'><strong>mater</strong></span> <span class='ocrx_word' id='word_1_172' title='bbox 741 2365 802 2432; x_wconf 88' lang='lat' dir='ltr'><strong>erit,</strong></span> <span class='ocrx_word' id='word_1_173' title='bbox 822 2381 893 2433; x_wconf 83' lang='lat' dir='ltr'><strong>quae</strong></span> <span class='ocrx_word' id='word_1_174' title='bbox 910 2363 982 2417; x_wconf 93' lang='lat' dir='ltr'><strong>nube</strong></span> <span class='ocrx_word' id='word_1_175' title='bbox 999 2365 1124 2431; x_wconf 83' lang='lat' dir='ltr'><strong>fugacem</strong></span> 
     </span>
     <span class='ocr_line' id='line_1_26' title="bbox 381 2439 1107 2510; baseline -0.007 -11"><span class='ocrx_word' id='word_1_176' title='bbox 381 2442 527 2501; x_wconf 80' lang='lat' dir='ltr'><strong>Feminea</strong></span> <span class='ocrx_word' id='word_1_177' title='bbox 542 2445 628 2510; x_wconf 84' lang='lat' dir='ltr'><strong>tegat,</strong></span> <span class='ocrx_word' id='word_1_178' title='bbox 646 2445 676 2496; x_wconf 90' lang='lat' dir='ltr'><strong>et</strong></span> <span class='ocrx_word' id='word_1_179' title='bbox 692 2442 769 2495; x_wconf 83' lang='lat' dir='ltr'><strong>vanis</strong></span> <span class='ocrx_word' id='word_1_180' title='bbox 788 2456 849 2495; x_wconf 90' lang='lat' dir='ltr'><strong>sese</strong></span> <span class='ocrx_word' id='word_1_181' title='bbox 866 2440 972 2493; x_wconf 74' lang='lat' dir='ltr'><strong>occidat</strong></span> <span class='ocrx_word' id='word_1_182' title='bbox 990 2439 1107 2494; x_wconf 63' lang='lat' dir='ltr'><strong>umbris:</strong></span> 
     </span>
    </p>

    <p class='ocr_par' dir='ltr' id='par_1_4' title="bbox 393 2516 1252 3194">
     <span class='ocr_line' id='line_1_27' title="bbox 431 2516 1252 2587; baseline -0.005 -15"><span class='ocrx_word' id='word_1_183' title='bbox 431 2520 472 2572; x_wconf 87' lang='lat' dir='ltr'><strong>At</strong></span> <span class='ocrx_word' id='word_1_184' title='bbox 489 2518 592 2587; x_wconf 85' lang='lat' dir='ltr'><strong>regina,</strong></span> <span class='ocrx_word' id='word_1_185' title='bbox 610 2533 680 2571; x_wconf 81' lang='lat' dir='ltr'><strong>nora</strong></span> <span class='ocrx_word' id='word_1_186' title='bbox 697 2533 805 2586; x_wconf 84' lang='lat' dir='ltr'><strong>pugnae</strong></span> <span class='ocrx_word' id='word_1_187' title='bbox 823 2516 972 2571; x_wconf 83' lang='lat' dir='ltr'><strong>conterrita</strong></span> <span class='ocrx_word' id='word_1_188' title='bbox 990 2518 1071 2579; x_wconf 85' lang='lat' dir='ltr'><strong>sorte,</strong></span> <span class='ocrx_word' id='word_1_189' title='bbox 1248 2568 1252 2577; x_wconf 80' lang='grc'><em>,</em></span> 
     </span>
     <span class='ocr_line' id='line_1_28' title="bbox 394 2590 1246 2663; baseline -0.001 -15"><span class='ocrx_word' id='word_1_190' title='bbox 394 2594 502 2663; x_wconf 78' lang='lat' dir='ltr'><strong>Flebat,</strong></span> <span class='ocrx_word' id='word_1_191' title='bbox 519 2596 549 2648; x_wconf 88' lang='lat' dir='ltr'><strong>et</strong></span> <span class='ocrx_word' id='word_1_192' title='bbox 566 2590 710 2648; x_wconf 83' lang='lat' dir='ltr'><strong>ardentem</strong></span> <span class='ocrx_word' id='word_1_193' title='bbox 726 2609 859 2662; x_wconf 84' lang='lat' dir='ltr'><strong>generum</strong></span> <span class='ocrx_word' id='word_1_194' title='bbox 877 2592 1010 2645; x_wconf 86' lang='lat' dir='ltr'><strong>moritura</strong></span> <span class='ocrx_word' id='word_1_195' title='bbox 1027 2592 1154 2646; x_wconf 87' lang='lat' dir='ltr'><strong>tenebat:</strong></span> <span class='ocrx_word' id='word_1_196' title='bbox 1221 2608 1246 2647; x_wconf 77' lang='lat' dir='ltr'><strong>ss</strong></span> 
     </span>
     <span class='ocr_line' id='line_1_29' title="bbox 394 2667 1221 2738; baseline -0.002 -14"><span class='ocrx_word' id='word_1_197' title='bbox 394 2670 493 2735; x_wconf 81' lang='lat' dir='ltr'><strong>Fur-ne,</strong></span> <span class='ocrx_word' id='word_1_198' title='bbox 509 2685 560 2738; x_wconf 93' lang='lat' dir='ltr'><strong>per</strong></span> <span class='ocrx_word' id='word_1_199' title='bbox 576 2669 628 2723; x_wconf 91' lang='lat' dir='ltr'><strong>has</strong></span> <span class='ocrx_word' id='word_1_200' title='bbox 645 2686 697 2737; x_wconf 86' lang='lat' dir='ltr'><strong>ego</strong></span> <span class='ocrx_word' id='word_1_201' title='bbox 714 2673 744 2723; x_wconf 89' lang='lat' dir='ltr'><strong>te</strong></span> <span class='ocrx_word' id='word_1_202' title='bbox 762 2669 894 2733; x_wconf 76' lang='lat' dir='ltr'><strong>lacrimas</strong></span> <span class='ocrx_word' id='word_1_203' title='bbox 911 2683 962 2736; x_wconf 87' lang='lat' dir='ltr'><strong>per</strong></span> <span class='ocrx_word' id='word_1_204' title='bbox 980 2667 1003 2721; x_wconf 91' lang='lat' dir='ltr'><strong>si</strong></span> <span class='ocrx_word' id='word_1_205' title='bbox 1021 2667 1084 2737; x_wconf 91' lang='lat' dir='ltr'><strong>qnis</strong></span> <span class='ocrx_word' id='word_1_206' title='bbox 1101 2670 1221 2722; x_wconf 82' lang='lat' dir='ltr'><strong>Amatae</strong></span> 
     </span>
     <span class='ocr_line' id='line_1_30' title="bbox 393 2746 1204 2815; baseline 0 -15"><span class='ocrx_word' id='word_1_207' title='bbox 393 2747 494 2815; x_wconf 80' lang='lat' dir='ltr'><strong>Tangit</strong></span> <span class='ocrx_word' id='word_1_208' title='bbox 510 2746 595 2801; x_wconf 88' lang='lat' dir='ltr'><strong>honos</strong></span> <span class='ocrx_word' id='word_1_209' title='bbox 612 2746 841 2813; x_wconf 71' lang='lat' dir='ltr'><strong>animum-spes</strong></span> <span class='ocrx_word' id='word_1_210' title='bbox 858 2748 890 2798; x_wconf 92' lang='lat' dir='ltr'><strong>tu</strong></span> <span class='ocrx_word' id='word_1_211' title='bbox 907 2761 979 2799; x_wconf 85' lang='lat' dir='ltr'>nnnc</span> <span class='ocrx_word' id='word_1_212' title='bbox 996 2761 1058 2813; x_wconf 84' lang='lat' dir='ltr'><strong>una,</strong></span> <span class='ocrx_word' id='word_1_213' title='bbox 1077 2748 1204 2800; x_wconf 80' lang='lat' dir='ltr'><strong>senectae</strong></span> 
     </span>
     <span class='ocr_line' id='line_1_31' title="bbox 394 2820 1135 2892; baseline -0.001 -16"><span class='ocrx_word' id='word_1_214' title='bbox 394 2822 436 2876; x_wconf 85' lang='lat' dir='ltr'><strong>Tu</strong></span> <span class='ocrx_word' id='word_1_215' title='bbox 453 2822 564 2892; x_wconf 87' lang='lat' dir='ltr'><strong>requies</strong></span> <span class='ocrx_word' id='word_1_216' title='bbox 582 2822 713 2888; x_wconf 86' lang='lat' dir='ltr'><strong>miserae;</strong></span> <span class='ocrx_word' id='word_1_217' title='bbox 732 2822 817 2875; x_wconf 88' lang='lat' dir='ltr'><strong>decus</strong></span> <span class='ocrx_word' id='word_1_218' title='bbox 833 2820 1026 2891; x_wconf 89' lang='lat' dir='ltr'><strong>inperiumque</strong></span> <span class='ocrx_word' id='word_1_219' title='bbox 1043 2822 1135 2875; x_wconf 86' lang='lat' dir='ltr'><strong>Latini</strong></span> 
     </span>
     <span class='ocr_line' id='line_1_32' title="bbox 394 2896 1200 2968; baseline -0.001 -17"><span class='ocrx_word' id='word_1_220' title='bbox 394 2898 433 2952; x_wconf 76' lang='lat' dir='ltr'><strong>l&#39;e</strong></span> <span class='ocrx_word' id='word_1_221' title='bbox 450 2914 535 2968; x_wconf 89' lang='lat' dir='ltr'><strong>penes</strong></span> <span class='ocrx_word' id='word_1_222' title='bbox 544 2919 551 2964; x_wconf 91' lang='lat'>;</span> <span class='ocrx_word' id='word_1_223' title='bbox 569 2898 598 2952; x_wconf 91' lang='lat' dir='ltr'><strong>in</strong></span> <span class='ocrx_word' id='word_1_224' title='bbox 615 2902 645 2952; x_wconf 88' lang='lat' dir='ltr'><strong>te</strong></span> <span class='ocrx_word' id='word_1_225' title='bbox 663 2898 749 2951; x_wconf 89' lang='lat' dir='ltr'><strong>omnis</strong></span> <span class='ocrx_word' id='word_1_226' title='bbox 768 2897 865 2951; x_wconf 90' lang='lat' dir='ltr'><strong>domus</strong></span> <span class='ocrx_word' id='word_1_227' title='bbox 882 2896 1011 2951; x_wconf 82' lang='lat' dir='ltr'><strong>inclinata</strong></span> <span class='ocrx_word' id='word_1_228' title='bbox 1029 2896 1200 2951; x_wconf 88' lang='lat' dir='ltr'><strong>recumbit-</strong></span> 
     </span>
     <span class='ocr_line' id='line_1_33' title="bbox 394 2972 1246 3029; baseline -0.004 -2"><span class='ocrx_word' id='word_1_229' title='bbox 394 2974 487 3028; x_wconf 90' lang='lat' dir='ltr'><strong>Unum</strong></span> <span class='ocrx_word' id='word_1_230' title='bbox 505 2990 567 3029; x_wconf 85' lang='lat' dir='ltr'><strong>oro:</strong></span> <span class='ocrx_word' id='word_1_231' title='bbox 586 2974 690 3028; x_wconf 87' lang='lat' dir='ltr'><strong>desiste</strong></span> <span class='ocrx_word' id='word_1_232' title='bbox 707 2989 819 3026; x_wconf 90' lang='lat' dir='ltr'><strong>manum</strong></span> <span class='ocrx_word' id='word_1_233' title='bbox 836 2973 1008 3026; x_wconf 85' lang='lat' dir='ltr'><strong>committere</strong></span> <span class='ocrx_word' id='word_1_234' title='bbox 1027 2972 1145 3025; x_wconf 84' lang='lat' dir='ltr'><strong>Teucris</strong></span> <span class='ocrx_word' id='word_1_235' title='bbox 1220 2986 1246 3024; x_wconf 85' lang='lat' dir='ltr'><strong>ec</strong></span> 
     </span>
     <span class='ocr_line' id='line_1_34' title="bbox 394 3048 1098 3118; baseline -0.006 -14"><span class='ocrx_word' id='word_1_236' title='bbox 394 3050 448 3115; x_wconf 86' lang='lat' dir='ltr'><strong>Qui</strong></span> <span class='ocrx_word' id='word_1_237' title='bbox 465 3053 495 3105; x_wconf 87' lang='lat' dir='ltr'><strong>te</strong></span> <span class='ocrx_word' id='word_1_238' title='bbox 512 3066 629 3118; x_wconf 87' lang='lat' dir='ltr'><strong>cumque</strong></span> <span class='ocrx_word' id='word_1_239' title='bbox 645 3052 758 3103; x_wconf 90' lang='lat' dir='ltr'><strong>manent</strong></span> <span class='ocrx_word' id='word_1_240' title='bbox 775 3049 830 3102; x_wconf 87' lang='lat' dir='ltr'><strong>istc</strong></span> <span class='ocrx_word' id='word_1_241' title='bbox 847 3048 995 3102; x_wconf 84' lang='lat' dir='ltr'><strong>certamine</strong></span> <span class='ocrx_word' id='word_1_242' title='bbox 1013 3063 1098 3114; x_wconf 83' lang='lat' dir='ltr'><strong>casus,</strong></span> 
     </span>
     <span class='ocr_line' id='line_1_35' title="bbox 393 3119 1222 3194; baseline -0.005 -15"><span class='ocrx_word' id='word_1_243' title='bbox 393 3126 431 3180; x_wconf 81' lang='lat' dir='ltr'><strong>lit</strong></span> <span class='ocrx_word' id='word_1_244' title='bbox 448 3142 503 3194; x_wconf 90' lang='lat' dir='ltr'><strong>me,</strong></span> <span class='ocrx_word' id='word_1_245' title='bbox 522 3126 619 3192; x_wconf 77' lang='lat' dir='ltr'><strong>Turne,</strong></span> <span class='ocrx_word' id='word_1_246' title='bbox 637 3128 764 3191; x_wconf 89' lang='lat' dir='ltr'><strong>manent;</strong></span> <span class='ocrx_word' id='word_1_247' title='bbox 782 3122 863 3178; x_wconf 90' lang='lat' dir='ltr'><strong>simul</strong></span> <span class='ocrx_word' id='word_1_248' title='bbox 881 3123 949 3176; x_wconf 86' lang='lat' dir='ltr'><strong>haec</strong></span> <span class='ocrx_word' id='word_1_249' title='bbox 966 3122 1052 3176; x_wconf 87' lang='lat' dir='ltr'><strong>invisa</strong></span> <span class='ocrx_word' id='word_1_250' title='bbox 1069 3119 1222 3190; x_wconf 80' lang='lat' dir='ltr'><strong>relinquam</strong></span> 
     </span>
    </p>

    <p class='ocr_par' dir='ltr' id='par_1_5' title="bbox 362 3196 1118 3347">
     <span class='ocr_line' id='line_1_36' title="bbox 362 3196 1118 3271; baseline -0.007 -15"><span class='ocrx_word' id='word_1_251' title='bbox 362 3199 367 3205; x_wconf 83' lang='lat'>&#39;</span> <span class='ocrx_word' id='word_1_252' title='bbox 393 3202 518 3271; x_wconf 86' lang='lat' dir='ltr'><strong>Lumina,</strong></span> <span class='ocrx_word' id='word_1_253' title='bbox 535 3218 587 3256; x_wconf 89' lang='lat' dir='ltr'><strong>nec</strong></span> <span class='ocrx_word' id='word_1_254' title='bbox 604 3217 735 3269; x_wconf 84' lang='lat' dir='ltr'><strong>generum</strong></span> <span class='ocrx_word' id='word_1_255' title='bbox 755 3202 869 3255; x_wconf 86' lang='lat' dir='ltr'><strong>Aenean</strong></span> <span class='ocrx_word' id='word_1_256' title='bbox 887 3198 995 3266; x_wconf 87' lang='lat' dir='ltr'><strong>captiva</strong></span> <span class='ocrx_word' id='word_1_257' title='bbox 1012 3196 1118 3251; x_wconf 83' lang='lat' dir='ltr'><strong>videbo.</strong></span> 
     </span>
     <span class='ocr_line' id='line_1_37' title="bbox 393 3273 1004 3347; baseline -0.007 -17"><span class='ocrx_word' id='word_1_258' title='bbox 393 3278 512 3347; x_wconf 81' lang='lat' dir='ltr'><strong>Accepit</strong></span> <span class='ocrx_word' id='word_1_259' title='bbox 528 3293 623 3332; x_wconf 83' lang='lat' dir='ltr'><strong>vocem</strong></span> <span class='ocrx_word' id='word_1_260' title='bbox 639 3276 759 3331; x_wconf 85' lang='lat' dir='ltr'><strong>lacrimis</strong></span> <span class='ocrx_word' id='word_1_261' title='bbox 776 3274 890 3329; x_wconf 81' lang='lat' dir='ltr'><strong>Lavinia</strong></span> <span class='ocrx_word' id='word_1_262' title='bbox 907 3273 1004 3327; x_wconf 87' lang='lat' dir='ltr'><strong>matris</strong></span> 
     </span>
    </p>
   </div>
   <div class='ocr_carea' id='block_1_3' title="bbox 363 3347 1282 3686">
    <p class='ocr_par' dir='ltr' id='par_1_6' title="bbox 363 3347 1282 3686">
     <span class='ocr_line' id='line_1_38' title="bbox 393 3347 1251 3422; baseline -0.01 -14"><span class='ocrx_word' id='word_1_263' title='bbox 393 3353 553 3422; x_wconf 77' lang='lat' dir='ltr'><strong>Flagrantis</strong></span> <span class='ocrx_word' id='word_1_264' title='bbox 568 3353 681 3422; x_wconf 84' lang='lat' dir='ltr'><strong>perfusa</strong></span> <span class='ocrx_word' id='word_1_265' title='bbox 696 3368 788 3421; x_wconf 87' lang='lat' dir='ltr'><strong>genas,</strong></span> <span class='ocrx_word' id='word_1_266' title='bbox 806 3351 851 3405; x_wconf 87' lang='lat' dir='ltr'><strong>cui</strong></span> <span class='ocrx_word' id='word_1_267' title='bbox 868 3350 1002 3421; x_wconf 86' lang='lat' dir='ltr'><strong>plurimus</strong></span> <span class='ocrx_word' id='word_1_268' title='bbox 1017 3347 1113 3417; x_wconf 85' lang='lat' dir='ltr'><strong>ignem</strong></span> <span class='ocrx_word' id='word_1_269' title='bbox 1219 3361 1251 3399; x_wconf 77' lang='lat' dir='ltr'><strong>ss</strong></span> 
     </span>
     <span class='ocr_line' id='line_1_39' title="bbox 388 3422 1282 3500; baseline -0.013 -18"><span class='ocrx_word' id='word_1_270' title='bbox 388 3428 513 3482; x_wconf 77' lang='lat' dir='ltr'><strong>Subiecit</strong></span> <span class='ocrx_word' id='word_1_271' title='bbox 529 3430 620 3495; x_wconf 84' lang='lat' dir='ltr'><strong>rubor,</strong></span> <span class='ocrx_word' id='word_1_272' title='bbox 640 3432 670 3484; x_wconf 91' lang='lat' dir='ltr'><strong>et</strong></span> <span class='ocrx_word' id='word_1_273' title='bbox 687 3428 825 3484; x_wconf 83' lang='lat' dir='ltr'><strong>calefacta</strong></span> <span class='ocrx_word' id='word_1_274' title='bbox 841 3445 896 3500; x_wconf 83' lang='lat' dir='ltr'><strong>per</strong></span> <span class='ocrx_word' id='word_1_275' title='bbox 913 3443 967 3481; x_wconf 79' lang='lat' dir='ltr'><strong>era</strong></span> <span class='ocrx_word' id='word_1_276' title='bbox 983 3422 1123 3481; x_wconf 75' lang='lat' dir='ltr'><strong>cueurt&#39;ut.</strong></span> <span class='ocrx_word' id='word_1_277' title='bbox 1274 3449 1282 3456; x_wconf 83' lang='lat'><em>—</em></span> 
     </span>
     <span class='ocr_line' id='line_1_40' title="bbox 376 3500 1044 3570; baseline 0.007 -19"><span class='ocrx_word' id='word_1_278' title='bbox 376 3500 481 3553; x_wconf 86' lang='lat' dir='ltr'><strong>Indum</strong></span> <span class='ocrx_word' id='word_1_279' title='bbox 499 3504 655 3570; x_wconf 85' lang='lat' dir='ltr'><strong>sanguineo</strong></span> <span class='ocrx_word' id='word_1_280' title='bbox 673 3506 764 3562; x_wconf 84' lang='lat' dir='ltr'><strong>veluti</strong></span> <span class='ocrx_word' id='word_1_281' title='bbox 783 3505 942 3563; x_wconf 77' lang='lat' dir='ltr'><strong>violaverit</strong></span> <span class='ocrx_word' id='word_1_282' title='bbox 961 3506 1044 3559; x_wconf 79' lang='lat' dir='ltr'><strong>estre</strong></span> 
     </span>
     <span class='ocr_line' id='line_1_41' title="bbox 363 3567 1195 3686; baseline -0.023 -35"><span class='ocrx_word' id='word_1_283' title='bbox 363 3570 401 3624; x_wconf 57' lang='grc' dir='ltr'><strong>δ”</strong></span> <span class='ocrx_word' id='word_1_284' title='bbox 413 3571 481 3686; x_wconf 49' lang='grc' dir='ltr'><strong>ἷξε</strong></span> <span class='ocrx_word' id='word_1_285' title='bbox 498 3572 579 3647; x_wconf 66' lang='lat' dir='ltr'><strong>ebur,</strong></span> <span class='ocrx_word' id='word_1_286' title='bbox 598 3584 655 3638; x_wconf 82' lang='lat' dir='ltr'><strong>auc</strong></span> <span class='ocrx_word' id='word_1_287' title='bbox 671 3582 771 3641; x_wconf 69' lang='lat' dir='ltr'><strong>mnia</strong></span> <span class='ocrx_word' id='word_1_288' title='bbox 790 3583 910 3642; x_wconf 75' lang='lat' dir='ltr'><strong>rubent</strong></span> <span class='ocrx_word' id='word_1_289' title='bbox 924 3567 1195 3639; x_wconf 61' lang='lat' dir='ltr'><strong>enims-mun</strong></span> 
     </span>
    </p>
   </div>
   <div class='ocr_carea' id='block_1_4' title="bbox 0 0 1626 4159">
    <p class='ocr_par' dir='ltr' id='par_1_7' title="bbox 0 0 1626 4159">
     <span class='ocr_line' id='line_1_42' title="bbox 0 0 1626 4159; baseline 0 0"><span class='ocrx_word' id='word_1_290' title='bbox 0 0 1626 4159; x_wconf 95' lang='lat' dir='ltr'><strong> </strong></span> 
     </span>
    </p>
   </div>
  </div>
 </body>
</html>
