3242 4159
573 538 759 589 acuamus
774 538 846 590 LIB.
862 540 929 591 XII.
1126 545 1174 597 329

342 618 479 688 'estigaut
495 633 569 687 apes,
587 619 716 689 fumoque
731 619 848 689 inplevit
864 637 971 689 amaro;

342 696 390 750 lae
407 695 484 749 intus
500 693 626 764 trepidae
642 712 735 751 rerum
751 712 802 766 per
819 713 899 752 cerea
915 702 1005 754 castra
1081 694 1091 722 “

342 773 495 839 *incurrunt
512 772 674 842 magnisque
690 776 791 828 acuunt
808 772 973 830 stridoribus
988 778 1061 842 iras;
1138 792 1175 833 ses

342 849 451 904 'olvitur
467 851 528 903 ater
544 848 614 902 odor
631 848 730 917 tectis3
746 853 807 904 tum
825 857 963 906 murmure
981 869 1060 907 caeco

342 929 405 981 ntus
422 941 489 979 saxa
506 928 620 992 sonant3
638 941 737 980 vacuas
754 926 777 981 it
794 927 886 981 furnos
903 928 939 982 ad
957 945 1044 983 auras

356 1001 470 1057 Accidit
486 1001 554 1055 haee
570 1000 651 1055 fessis
668 1001 752 1055 etiam
770 1003 881 1058 fortuna
898 1003 1010 1073 latinis,

345 1094 399 1136 uae
416 1080 505 1132 totam
522 1077 599 1131 luctu
614 1078 751 1132 conclasdt
768 1078 893 1134 funditus
909 1081 1013 1136 urbem.

342 1154 431 1223 egino
447 1156 480 1208 ut
497 1153 579 1207 tectis
594 1154 750 1208 venientem
767 1154 899 1223 prospicit
916 1157 1030 1224 hostem‚
1138 1172 1176 1211 eas

342 1231 428 1284 ncessi
444 1245 544 1296 muros,
561 1229 633 1297 ignis
650 1229 686 1282 ad
702 1232 778 1284 tecta
794 1230 893 1299 volare,

342 1306 467 1375 'usquam
483 1306 555 1359 acies
573 1307 669 1359 contra
686 1305 810 1374 Rutulas,
828 1306 903 1360 nulla
919 1308 1028 1375 agmim
1045 1309 1148 1364 'l'urniz

342 1381 425 1436 nfelix
441 1396 549 1450 pugnae
566 1381 691 1435 iuvenem
708 1381 738 1434 in
756 1383 906 1436 certamine
922 1383 1011 1438 credit

343 1457 504 1524 astinetum,
522 1460 559 1525 et,
576 1456 667 1511 subito
685 1460 806 1511 mentem
824 1458 938 1511 turbata
955 1458 1055 1528 dolore,

343 1550 359 1589 e
376 1549 498 1588 caussam
515 1533 616 1587 clamat
632 1532 789 1602 crimenque
807 1538 943 1604 caputque
959 1535 1099 1603 indorum,
1137 1552 1174 1590 ooo

343 1610 467 1678 [ultaque
484 1626 535 1677 per
552 1612 688 1663 maestum
707 1607 821 1663 demens
840 1610 921 1663 effata
936 1610 1061 1679 furorem,

343 1693 479 1754 urpureos
495 1684 628 1740 moritura
645 1702 728 1739 manu
747 1684 878 1739 discindit
890 1688 1011 1755 amictum,

343 1764 360 1817 lt
376 1760 478 1815 nodum
495 1762 616 1815 informis
633 1760 683 1815 leti
700 1760 780 1814 trabe
798 1762 884 1814 nectit
902 1760 937 1814 ab
954 1762 1017 1816 alta

343 1854 412 1901 tuam
428 1836 534 1893 cladem
551 1837 668 1891 miserae
685 1840 830 1906 postquam
848 1853 977 1906 accepere
995 1837 1115 1902 Latinae,

343 1913 395 1969 ilia
411 1914 500 1983 prima
517 1931 600 1969 manu
617 1913 701 1967 flavos
719 1912 834 1966 Lavinia
853 1912 933 1966 crinis
1137 1926 1174 1965 sos

343 1993 467 2045 ltroseas
483 1990 586 2044 laniata
603 2006 694 2057 genas,
712 1991 772 2042 tum
790 1992 885 2042 cetera
902 1988 1002 2042 circum

343 2065 414 2120 urba
430 2066 515 2131 furit3
533 2067 661 2119 resonant
678 2064 735 2119 late
753 2063 929 2133 plangoribus
946 2063 1036 2119 aedes.

343 2141 397 2196 linc
414 2144 501 2196 totam
518 2141 615 2195 infelix
631 2141 758 2209 volgatur
775 2142 850 2195 fama
866 2156 917 2210 per
933 2140 1037 2194 urbem.

343 2216 481 2272 *emittunt
497 2221 617 2283 mentes;
635 2216 658 2269 it
676 2217 759 2270 scissa
778 2221 855 2271 veste
874 2216 994 2282 Latinus,

344 2293 452 2362 oniugis
468 2293 602 2348 attonitus
619 2292 684 2347 fatis
702 2292 834 2359 urbisque
853 2290 939 2356 ruina,
1137 2303 1175 2343 sle

345 2370 457 2424 anitiem
474 2369 604 2423 inmundo
621 2369 760 2438 perfinsam
779 2366 891 2436 pulvere
908 2367 1023 2433 turpans

343 2444 478 2514 liultaque
495 2461 525 2499 se
542 2444 657 2512 incusat,
675 2444 722 2512 qui
740 2459 793 2497 non
813 2439 949 2509 acceperit
965 2442 1030 2493 ante

343 2520 492 2575 ardentum
511 2523 633 2589 Aenean,
650 2534 837 2587 generumque
860 2515 1006 2569 adsciverit
1022 2514 1115 2584 ultro].

357 2597 469 2651 Interea
485 2600 609 2652 extremo
626 2595 744 2651 bellator
761 2594 790 2648 in
810 2608 929 2662 aequore
949 2591 1055 2645 Turnus

344 2674 445 2728 alantis
462 2673 586 2743 sequitur
603 2688 703 2742 paucos
721 2672 776 2724 iam
796 2670 913 2737 segnior,
932 2672 1015 2736 atque
1140 2682 1177 2720 ers

343 2766 383 2803 am
401 2750 490 2803 minus
508 2754 592 2818 atque
609 2749 698 2801 minus
717 2762 843 2801 successu
856 2745 945 2800 laetus
962 2760 1100 2815 equorum.

344 2825 428 2880 ttulit
444 2825 516 2879 hune
533 2822 576 2877 illi
597 2825 685 2880 caecis
703 2823 858 2878 terroribus
878 2839 945 2877 aura

344 2901 507 2955 ommixtum
525 2901 678 2970 clamorem,
696 2904 873 2968 arrectasque
893 2898 992 2967 inpulit
1008 2897 1082 2952 auris

344 2977 458 3031 onfruae
476 2993 559 3032 sonus
575 2976 652 3030 urbis
670 2980 700 3030 et
718 2975 878 3030 inlaetabile
897 2989 1028 3026 murrnur.

344 3053 379 3108 [ei
397 3053 480 3108 mihi!
499 3052 567 3122 quid
584 3055 662 3108 tanto
679 3052 828 3106 turbantur
850 3047 957 3102 moenia
973 3046 1070 3101 luctul
1142 3060 1178 3099 eac

344 3129 424 3189 ‚suisve
441 3129 498 3183 ruit
515 3133 610 3183 tantus
628 3128 736 3182 diversa
755 3128 858 3181 clamer
877 3123 913 3179 ab
930 3122 1018 3177 urbei

343 3204 368 3259 ic
384 3204 432 3273 ait,
451 3204 634 3274 adductisque
653 3221 746 3258 amens
766 3201 892 3256 subsistit
910 3198 1031 3253 habenis

344 3284 419 3350 itque
436 3280 506 3349 huic,
522 3282 552 3334 in
572 3281 668 3335 faciem
687 3296 763 3333 soror
780 3281 814 3332 ut
831 3292 962 3331 conversa
979 3272 1087 3328 Metisci

344 3357 449 3425 „urigae
469 3373 635 3425 currumque
653 3360 683 3410 et
700 3370 785 3425 equos
802 3356 832 3407 et
849 3352 907 3406 lora
926 3349 1046 3419 regebat,

344 3432 433 3486 alibus
451 3433 570 3487 occurrit
588 3432 687 3489 dietis:
707 3431 780 3502 Hac,
795 3429 900 3498 burne,
917 3440 1069 3495 sequamur
1155 3433 1198 3468 m

344 3504 488 3593 vivsqpas
508 3526 567 3581 qua
583 3510 678 3580 prima
697 3511 777 3567 viam
794 3505 919 3565 visura
932 3500 1062 3590 pandus

344 3579 374 3631 Μ
391 3580 447 3646 ⁸1¹1,
469 3584 519 3653 qui
540 3588 624 3645 tecta
643 3605 737 3647 manu
753 3585 925 3647 defendere
940 3575 1072 3653 pubemb
