3242 4159
385 523 432 572 190
616 522 646 571 P.
665 520 819 571 VERGILI
835 519 1002 572 MARONIS

419 599 503 654 Ibant
519 599 628 654 obscuri
645 600 703 655 sola
720 602 771 655 sub
789 604 870 655 nocte
887 617 938 669 per
955 599 1090 670 umbram,

384 675 493 744 Perque
510 676 606 730 domos
624 676 697 731 Ditis
714 693 820 731 vacuas·
830 680 860 731 et
876 676 967 730 inania
983 693 1084 744 regna:

371 752 470 817 ‘Quale
487 768 537 820 per
553 752 685 806 incertam
702 752 794 806 lunam
813 752 864 806 sub
881 752 941 806 luce
958 751 1079 820 maligna
1204 769 1240 811 ao

383 827 435 882 Est
452 827 507 882 iter
523 829 551 881 in
570 828 651 896 silvis,
670 828 717 881 ubi
735 828 840 882 caelum
859 827 982 882 condidit
999 827 1099 881 umbra

383 902 517 972 Iuppiter,
535 907 564 958 et
581 903 664 958 rebus
681 920 736 958 nox
753 904 868 958 abstulit
886 907 948 958 atra
965 903 1092 957 colorem.

382 978 557 1033 Vestibulum
575 983 640 1033 ante
657 980 746 1048 ipsum
764 980 913 1048 primisque
931 979 959 1032 in
976 976 1101 1033 faucibus
1119 978 1186 1033 Orci

381 1054 487 1108 Luctus
505 1058 535 1108 et
551 1053 663 1109 ultrices
680 1070 796 1124 posuere
814 1055 913 1109 cubilia
931 1056 1037 1121 Curae;

383 1130 575 1199 Pallentesque
592 1130 718 1185 habitant
736 1132 837 1195 Morbi,
854 1131 999 1199 tristisque
1018 1131 1161 1201 Senectus,
1203 1149 1238 1188 27⁵

381 1206 420 1259 Et
437 1206 537 1271 Metus,
558 1210 587 1260 et
604 1206 761 1260 malesuada
779 1207 886 1275 Fames,
903 1223 935 1261 ac
952 1206 1042 1275 turpis
1059 1206 1187 1277 Egestas,

381 1281 529 1336 'l'erribiles
546 1283 607 1336 visu
624 1283 735 1351 formae,
753 1282 914 1351 Letumque,
933 1281 1093 1350 Labosque3

381 1357 451 1412 'lum
469 1359 683 1427 consanguineus
701 1358 764 1413 Leti
782 1359 874 1426 Sopor,
894 1360 923 1412 et
939 1357 1012 1410 mala
1029 1358 1131 1412 mentis

381 1433 497 1502 Gaudia,
515 1434 741 1502 mortiferumque
758 1434 874 1487 adverso
891 1434 919 1486 in
936 1433 1030 1486 limine
1048 1434 1166 1503 Bellum,

382 1508 531 1578 Perreique
543 1510 724 1562 Eumenidum
735 1509 855 1576 thalami,
868 1512 898 1563 et
909 1509 1053 1563 Discordia
1064 1510 1188 1581 demens,
1200 1525 1238 1566 ase

381 1585 532 1653 Vipereum
550 1584 651 1637 crinem
669 1584 747 1638 vittis
763 1585 864 1637 innexa
881 1586 1009 1639 cruentis.

417 1661 452 1714 ln
468 1661 560 1714 medio
577 1676 667 1713 ramos
684 1676 841 1728 annosaque
859 1659 986 1713 bracchia
1003 1660 1102 1729 pandit

380 1736 480 1791 Ulmus
497 1753 587 1806 opaea,
605 1737 708 1805 ingens,
727 1753 809 1804 quam
827 1736 922 1789 sedem
940 1736 1051 1789 Somnia
1067 1737 1148 1805 volgo

380 1810 461 1867 Vana
477 1816 574 1878 tenere
590 1812 691 1879 ferunt,
709 1811 836 1879 foliisque
855 1810 907 1864 sub
923 1811 1049 1865 omnibus
1066 1812 1190 1869 haerent

380 1887 524 1958 Multaque
541 1892 684 1957 praeterea
701 1887 837 1941 variarum
854 1891 977 1941 monstra
994 1887 1116 1941 ferarum
1200 1906 1238 1944 aas

381 1963 511 2018 Centauri
528 1965 556 2016 in
573 1963 675 2016 foribus
693 1963 834 2016 stabulant
852 1962 1012 2031 Scyllaeque
1029 1962 1162 2019 biformes

381 2039 419 2094 Et
436 2039 668 2106 centumgeminus
686 2038 815 2091 Briareus
833 2054 864 2091 ae
881 2037 962 2091 belua
980 2038 1093 2107 Lernae,

381 2114 557 2169 Horrendum
576 2113 703 2180 stridens,
721 2113 891 2181 flammisque
908 2116 1014 2168 armata
1032 2114 1185 2185 Chimaera,

381 2191 522 2259 Gorgones
541 2189 734 2257 Harpyiaeque
752 2191 782 2241 et
798 2188 888 2242 forma
904 2189 1063 2258 tricorporis
1079 2191 1206 2247 umbrae.

381 2265 501 2336 Corripit
518 2265 562 2319 hie
579 2264 670 2318 subita
687 2264 813 2332 trepidus
830 2264 976 2318 formidine
992 2264 1097 2319 ferrum
1198 2284 1239 2321 aso

381 2344 498 2411 Aeneas,
516 2342 694 2409 strictamque
711 2341 796 2394 aciem
814 2341 986 2394 venientibus
1004 2341 1092 2409 offert,

381 2418 426 2485 lit,
443 2419 471 2473 ni
489 2419 571 2473 docta
586 2432 678 2471 eomes
694 2416 785 2471 tenuis
803 2416 862 2469 sine
879 2432 993 2485 corpore
1009 2417 1082 2471 vitas

382 2495 540 2550 Admoneat
556 2493 670 2548 volitare
687 2509 752 2546 cava
769 2491 821 2545 sub
839 2491 957 2559 imagine
973 2492 1085 2560 formae,

381 2570 486 2636 Inruat,
504 2574 533 2623 et
550 2571 652 2623 frustra
668 2569 741 2622 ferro
759 2567 915 2621 diverberet
932 2568 1050 2622 umbras.
1083 2589 1086 2593 ⁴

416 2646 489 2700 Hine
500 2646 552 2710 via,
565 2644 688 2698 Tartarei
701 2660 772 2712 quae
783 2644 840 2697 fert
852 2643 1017 2697 Acherontis
1027 2643 1065 2698 ad
1076 2645 1173 2699 undas
1198 2660 1238 2699 ms

379 2712 519 2775 Turbidus
535 2720 580 2773 hic
597 2734 680 2772 caeno
699 2723 832 2787 vastaque
848 2720 976 2788 voragine
993 2726 1106 2787 gurges

381 2797 501 2851 Aestuat
517 2799 601 2863 atque
619 2810 727 2851 omnem
746 2794 847 2863 Cocyto
865 2798 972 2849 eructat
989 2812 1109 2849 arenam.

382 2873 504 2927 Portitor
520 2871 570 2924 has
587 2869 739 2923 horrendus
756 2886 842 2939 aquas
860 2874 889 2924 et
906 2871 1017 2925 flumina
1035 2873 1128 2925 servat

381 2948 508 3003 Terribili
525 2946 650 3015 squalore
668 2945 782 3014 Charon,
800 2946 844 3000 cui
860 2946 978 3014 plurima
993 2950 1087 3001 mento

382 3026 503 3079 Canities
520 3023 623 3078 inculta
638 3022 717 3088 iacet,
735 3025 809 3076 stant
827 3022 929 3075 lumina
945 3022 1060 3088 flamma
1197 3037 1238 3076 eoo

382 3102 515 3155 Sordidus
532 3117 567 3153 ex
584 3098 706 3152 humeris
722 3098 795 3152 nodo
813 3098 951 3166 dependet
968 3098 1091 3153 amictus.
1167 3111 1175 3129 ¹

383 3177 447 3245 lpse
463 3180 552 3231 ratem
569 3178 649 3229 conto
667 3173 773 3242 subigit
790 3174 912 3242 velisque
930 3173 1077 3243 ministrat,

382 3253 419 3306 nt
435 3252 591 3319 fenuginea
606 3249 751 3304 subvectat
768 3265 882 3317 corpora
898 3249 1002 3318 cymba,

382 3328 443 3382 lam
460 3328 559 3394 senior,
577 3324 628 3379 sed
645 3324 730 3379 cruda
748 3325 800 3378 deo
818 3324 968 3393 viridisque
986 3328 1121 3379 senectus.

348 3446 352 3455 ,
367 3401 437 3457 Huc
451 3402 542 3457 omnis
560 3402 646 3458 turba
664 3400 700 3458 ad
719 3401 796 3473 ripas
814 3400 904 3457 euna
917 3400 1030 3465 ruebat,
1201 3418 1243 3453 aa

347 3472 465 3531 Matres
481 3483 577 3551 atque
595 3481 660 3549 riri,
680 3482 881 3550 desuetaque
899 3489 1024 3542 mim
1036 3473 1099 3524 ’Μ

347 3543 562 3622 beoariorum
581 3560 722 3636 heroum,
743 3559 835 3634 pueri
853 3555 1057 3622 rumpatque
1069 3538 1200 3610 emma
