3242 4159
657 518 865 569 GEORGIGON
882 520 950 571 LIB.
966 522 1004 570 11.
1217 524 1249 571 49

394 602 458 657 Hoc
475 598 607 669 pinguem
624 602 654 653 et
670 599 799 668 placitam
819 600 884 655 Paci
900 601 1020 656 nutritor
1036 602 1144 656 olivam.
1213 616 1250 654 aas

429 677 518 730 Poma
536 692 654 743 quoque,
671 679 703 730 ut
720 676 839 744 primum
855 680 973 731 truncos·
984 694 1095 732 sensere
1110 677 1228 731 valentis

393 754 433 807 Et
452 753 518 805 viris
537 751 659 805 habuere
677 768 747 818 suas,
766 752 803 805 ad
821 753 913 807 sidera
930 755 1030 823 raptim

393 829 433 883 Vi
450 828 562 898 propria
580 828 707 882 nituntur
725 829 839 897 opisque
857 830 933 883 haud
950 831 1045 897 indiga
1061 833 1179 885 nostrae.

393 906 457 960 Nec
474 906 564 957 minus
583 903 690 957 interea
707 904 766 957 fetu
783 921 879 958 nemus
897 922 976 959 omne
993 906 1136 973 gravescit,

394 981 614 1049 Sanguineisque
632 979 736 1033 inculta
753 980 855 1035 rubent
872 981 975 1035 aviaria
991 982 1079 1036 bacis:
1214 996 1251 1035 sao

394 1058 558 1112 Tondentur
575 1057 663 1127 cytisi,
680 1057 777 1111 taedas
795 1058 862 1111 silva
879 1059 937 1112 alta
953 1058 1099 1123 ministrat,

395 1132 606 1202 Pascuntnrque
624 1133 702 1202 ignes
719 1134 846 1187 nocturni
865 1138 894 1189 et
911 1134 1014 1188 lumina
1030 1135 1162 1189 fundunt:

394 1210 432 1265 Et
451 1209 581 1264 dubitant
598 1210 722 1263 homines
739 1227 831 1264 serere
850 1215 934 1279 atque
953 1211 1102 1280 inpendere
1119 1211 1230 1264 curaml

396 1285 471 1350 Quid
489 1286 594 1339 maiora
612 1288 727 1354 sequari
747 1286 843 1340 salices
861 1287 1033 1355 humilesque
1051 1290 1187 1354 genestae,

396 1364 458 1416 Aut
474 1362 539 1417 illae
555 1363 648 1431 pecori
666 1363 791 1416 frondem
809 1366 859 1416 aut
876 1363 1032 1431 pastoribus
1049 1362 1160 1415 umbras
1214 1375 1251 1413 sss

396 1438 547 1505 Sufficiunt,
567 1455 731 1508 saepemque
750 1439 816 1493 satis
835 1442 864 1493 et
881 1439 981 1508 pabula
999 1438 1080 1492 melli.

396 1514 434 1569 Et
450 1514 528 1568 iuvat
545 1515 696 1568 undantem
715 1514 788 1568 buxo
807 1519 931 1583 spectare
950 1516 1079 1584 Cytorum

395 1589 586 1658 Naryciaeque
604 1590 673 1659 picis
691 1591 773 1658 lucos,
792 1591 868 1645 iuvat
885 1608 951 1646 arva
968 1592 1061 1645 videre

395 1664 460 1719 Non
477 1666 582 1734 rastris,
601 1666 741 1720 hominurn
759 1684 813 1720 non
832 1668 879 1720 ulli
898 1668 1014 1721 obnoxia
1031 1682 1120 1719 curae.

396 1740 481 1809 Ipsae
500 1741 630 1797 Caucasio
648 1743 755 1796 steriles
773 1743 802 1795 in
822 1744 924 1796 vertice
941 1743 1032 1809 silvae,
1142 1734 1149 1747 '
1216 1754 1252 1793 seo

396 1816 475 1881 Quas
490 1817 605 1872 animosi
624 1818 691 1872 Euri
709 1819 826 1873 adsidue
843 1819 1028 1886 franguntque
1047 1818 1199 1885 fcmntque,

396 1891 474 1946 Dant
491 1893 559 1947 alios
576 1894 646 1948 aliae
664 1895 745 1963 fetus,
765 1895 834 1948 dant
851 1893 920 1948 utile
940 1894 1044 1961 lignum

396 1968 520 2037 Navigiis
538 1970 623 2039 pinos,
642 1971 768 2024 domibus
786 1971 955 2038 cedrumque
974 1985 1184 2037 cupressosque;

397 2043 473 2097 Hinc
489 2045 581 2099 radios
599 2046 702 2101 trivere
720 2047 796 2112 rotis,
815 2046 877 2099 binc
894 2049 1024 2115 tympana
1041 2045 1172 2114 plaustris

397 2120 553 2189 Agricolae,
572 2125 602 2175 et
619 2122 724 2191 pandas
742 2122 848 2176 ratibus
865 2138 980 2191 posuere
994 2124 1112 2187 carinam
1216 2134 1253 2171 ssa

397 2195 555 2251 Viminibus
574 2198 668 2252 salices
685 2198 827 2266 fecundae,
846 2198 989 2252 frondibus
1006 2198 1081 2265 ulmi,

397 2272 441 2325 At
458 2276 563 2341 myrtus
582 2274 680 2328 validis
698 2275 843 2329 hastilibus
862 2278 891 2328 et
907 2274 980 2328 bona
997 2274 1069 2328 bello

398 2347 520 2413 Cornus3
542 2350 669 2416 Ituraeos
687 2351 746 2405 taxi
764 2354 930 2421 torquentur
946 2351 975 2402 in
993 2366 1086 2414 arcus3

398 2423 458 2477 Nec
476 2425 552 2479 tiliae
571 2426 645 2480 leves
663 2430 711 2480 aut
730 2429 808 2480 torno
827 2427 909 2479 rasile
927 2425 1029 2478 buxum

398 2499 462 2554 Non
480 2501 596 2555 formam
614 2503 750 2572 accipiunt
768 2504 897 2569 ferroque
914 2502 1046 2553 cavantur
1063 2502 1157 2565 acuto;
1218 2515 1254 2554 ato

398 2575 425 2628 N
428 2591 459 2629 ec
477 2592 532 2630 non
550 2580 579 2631 et
597 2580 749 2632 torrentem
768 2577 870 2631 undam
889 2576 956 2629 levis
974 2575 1081 2628 innatat
1099 2575 1184 2642 aluus,

398 2651 486 2705 Missa
504 2652 594 2720 Pad03
616 2670 666 2708 nee
684 2672 739 2708 nou
758 2659 787 2709 et
804 2671 870 2723 apes
888 2652 1012 2707 examina
1029 2650 1150 2705 condunt

399 2728 610 2798 Cortioibusque
629 2731 701 2784 cavis
720 2731 890 2798 vitiosaeque
908 2728 976 2781 ilicis
993 2728 1077 2781 alveo.

400 2803 474 2868 Quid
492 2806 697 2859 memorandum
717 2823 805 2875 aeque
825 2805 958 2859 Baccheia
976 2803 1047 2858 dona
1062 2804 1202 2858 tulerunt?

398 2878 523 2934 Bacchus
542 2882 625 2936 etad
644 2883 750 2950 culpam
769 2899 878 2936 caussas
898 2880 989 2934 dedit:
1009 2880 1056 2933 ille
1073 2880 1189 2933 furentis
1217 2893 1254 2932 455

399 2955 552 3011 Centauros
570 2958 627 3012 leto
646 2958 759 3026 domuit,
780 2959 974 3026 Rhoetumque
993 2956 1163 3023 Pholumque

398 3030 438 3085 Et
455 3048 553 3101 magno
573 3034 709 3102 Hylaeum
729 3034 853 3103 Lapithis
872 3037 980 3087 cratere
997 3034 1155 3085 minantem.

435 3107 459 3161 0
477 3109 631 3164 fortunatos
650 3111 769 3179 nimium,
789 3128 839 3164 sua
857 3111 880 3163 si
897 3111 968 3163 bona
984 3108 1083 3173 norint,

399 3183 552 3253 Agricolas,
572 3186 671 3256 quibus
690 3187 756 3255 ipsa,
774 3186 869 3256 procul
888 3184 1059 3239 discordibus
1076 3179 1166 3245 armis,

400 3259 505 3314 Fundit
523 3261 606 3316 humo
625 3262 731 3316 facilem
749 3264 851 3316 victum
869 3262 1015 3315 iustissima
1033 3257 1128 3310 tellus!
1219 3270 1255 3308 cao

399 3336 430 3390 si
448 3354 503 3392 non
520 3339 659 3407 ingentem
677 3338 782 3392 foribus
800 3338 898 3391 domus
916 3337 973 3390 alta
992 3330 1117 3403 superbis

396 3412 482 3465 Mane
496 3416 666 3468 salutantum
686 3416 753 3470 totis
771 3416 860 3471 vomit
879 3413 998 3470 aedibus
1014 3411 1134 3477 undam,

382 3485 447 3535 Nec
465 3488 553 3539 varios
570 3489 681 3546 inhiant
699 3494 824 3561 pulchra
841 3494 995 3551 testudine
1012 3489 1121 3564 postis,

370 3555 541 3626 Inlusasqne
558 3579 631 3617 auro
652 3573 757 3638 vestes,
780 3572 998 3645 Ephyreiaque
1017 3587 1104 3637 aera,
