3242 4159
379 536 429 585 2⁵0
611 531 641 580 Ρ.
659 528 811 579 unacum
829 501 996 577 marronis

379 631 430 683 Est
448 645 516 698 opus
533 630 562 682 in
581 628 708 681 Teucros.
746 626 862 680 Addant
879 642 909 679 se
926 625 1056 693 protinus
1074 641 1172 681 omnes

380 705 488 758 Etrusci
506 705 600 758 socios.
636 701 774 757 Tenebras
792 704 822 755 et
839 702 939 755 inertie
955 700 1033 755 furta
1203 718 1235 759 isc

381 781 503 846 Palladii,
522 780 609 833 caesis
627 795 749 832 summae
766 777 928 831 custodibus
947 777 1027 845 arcis,

380 857 404 908 N
407 874 422 909 e
440 858 575 921 timesnt;
593 872 643 908 nec
662 855 725 923 equi
743 870 825 907 caeca
842 853 992 906 condemur
1009 853 1039 906 in
1056 853 1137 922 alvo;

380 927 460 999 Luce,
478 932 576 1001 palam,
595 935 701 985 certum
720 935 763 984 est
781 930 837 998 igni
854 929 1026 983 circumdare
1043 946 1149 985 muros
1221 935 1223 940 '

380 1008 465 1061 Haud
483 1008 534 1061 sibi
552 1023 613 1061 cum
632 1007 734 1060 Danais
752 1023 810 1059 rem
829 1006 892 1058 faxo
910 1009 939 1059 et
956 1005 1032 1073 pube
1051 1005 1172 1074 Pelasga

381 1085 447 1137 Esse
459 1087 565 1152 putent,
574 1082 719 1135 decumum
729 1099 798 1150 quos
806 1082 916 1135 distulit
924 1082 1032 1135 Hector
1044 1082 1073 1134 in
1081 1099 1193 1138 annum.
1204 1100 1238 1139 155

380 1160 459 1213 Nunc
477 1159 555 1226 adeo,
574 1159 670 1212 melior
688 1159 818 1228 quoniam
835 1175 900 1227 pars
918 1161 980 1211 acta
999 1157 1062 1226 diei,
1228 1154 1230 1158 ’

379 1234 460 1299 Quod
478 1238 610 1303 superest
628 1235 695 1289 laeti
713 1235 783 1289 bene
800 1234 888 1303 gestis
904 1250 1020 1303 corpore
1036 1234 1125 1288 rebus

381 1312 538 1379 l’rocurate,
558 1311 617 1378 viri,
637 1315 666 1365 et
683 1328 805 1381 pugnum
823 1314 933 1379 sperate
950 1310 1051 1379 parari.

383 1388 495 1441 Interea
512 1386 625 1455 vigilum
644 1386 765 1442 excubiis
785 1386 911 1440 obsidere
928 1390 1024 1455 portas

381 1463 455 1516 Oura
473 1464 556 1517 datur
574 1464 701 1533 Messapo
720 1467 749 1517 et
767 1463 875 1516 moenia
891 1462 1002 1530 cingere
1020 1462 1149 1518 flammis.
1203 1477 1238 1517 mo

381 1540 429 1593 Bis
448 1544 555 1609 septem
575 1540 678 1607 Rutuli,
697 1556 789 1593 muros
808 1540 855 1607 qui
873 1538 961 1592 milite
978 1542 1100 1613 servent,

380 1616 501 1680 Deleeti3
520 1618 563 1668 ast
580 1615 640 1669 illos
659 1617 768 1669 centeni
786 1632 924 1684 quemque
942 1617 1100 1684 sequuntur

381 1692 516 1761 Purpurei
534 1691 624 1745 cristis
642 1692 755 1745 iuvenes
773 1707 897 1760 auroque
915 1690 1027 1744 corusci.

380 1768 552 1836 Discurrunt,
572 1769 733 1836 variantque
751 1768 831 1833 vices,
849 1767 958 1836 fusique
976 1784 1026 1835 per
1044 1766 1163 1821 herbam

381 1843 531 1913 Indulgent
549 1845 617 1913 vino,
637 1847 666 1898 et
683 1847 796 1898 vertunt
814 1846 935 1896 crateras
952 1859 1043 1895 aenos
1203 1860 1238 1899 lus

381 1920 533 1975 Conlucent
551 1922 644 1990 ignes;
662 1924 771 1975 noctem
789 1919 914 1973 custodia
931 1918 1009 1973 ducit

381 1996 539 2049 Insomnem
557 1996 630 2049 ludo.

416 2072 493 2135 Haec
511 2088 628 2138 supere
646 2071 716 2124 vallo
734 2072 912 2140 prospectant
930 2069 1021 2138 Troes,
1040 2073 1070 2124 et
1087 2072 1176 2126 armis

381 2148 449 2201 Alta
466 2149 580 2209 tenent;
599 2163 649 2200 nec
667 2163 721 2199 non
739 2147 843 2215 trepidi
860 2146 1006 2199 formidine
1023 2149 1122 2215 portas

380 2223 537 2291 Explorant,
556 2224 701 2290 pontisque
720 2227 750 2276 et
767 2223 973 2291 propugnacula
990 2223 1118 2291 iungunt,
1203 2239 1240 2279 17⁰

380 2299 446 2353 Tela
463 2302 570 2367 gerunt.
608 2299 717 2353 Instant
735 2299 896 2352 Mnestheus
915 2312 1033 2367 acerque
1052 2298 1192 2368 Serestus,

369 2375 455 2441 Quos
474 2387 554 2443 pater
573 2377 691 2443 Aeneas,
710 2376 732 2428 si
751 2375 861 2443 quando
878 2375 995 2428 adversa
1012 2378 1154 2441 vocarent,

381 2453 513 2507 Rectorcs
531 2453 659 2506 iuvenum
678 2455 708 2505 et
725 2468 817 2503 rerum
836 2450 915 2504 dedit
933 2467 993 2503 csse
1010 2450 1169 2517 magistros.

381 2530 476 2584 Omnis
494 2546 545 2598 per
563 2545 654 2581 muros
672 2528 751 2595 legio,
770 2528 868 2581 sortitu
885 2526 1026 2595 periclum,

380 2601 506 2658 Excubat
518 2608 683 2671 exercetque
695 2604 775 2670 vices,
789 2602 864 2671 quod
876 2602 974 2670 cuique
983 2600 1120 2655 tuendum
1133 2606 1186 2657 est.
1204 2618 1241 2657 17⁵

410 2677 440 2731 'N
443 2681 500 2731 isus
518 2682 578 2731 erat
597 2682 694 2747 portae
711 2683 810 2746 custos,
830 2678 979 2731 acerrimus
997 2677 1088 2743 armis,

382 2753 555 2822 Hyrtacides,
574 2753 702 2805 comitem
723 2755 835 2807 Aeneae
853 2770 935 2823 quem
954 2754 1067 2806 miserat
1086 2752 1142 2806 Ida

380 2829 523 2894 Venatrix,
541 2828 629 2880 iaculo
647 2828 765 2880 celerem
783 2829 942 2899 laribusque
961 2829 1084 2896 sagrittis3

381 2906 417 2958 Et
435 2905 513 2959 iuxta
531 2920 621 2957 comes
641 2904 781 2971 Euryalus,
800 2922 855 2974 quo
873 2905 1012 2976 pulchrior
1029 2905 1101 2958 alter

380 2982 441 3035 Non
459 2982 512 3035 fuit
531 2980 694 3033 Aeneadum
713 2979 829 3033 Troiana
846 2998 936 3049 neque
952 2982 1044 3034 induit
1061 2996 1148 3050 arma,
1202 3000 1242 3039 1so

380 3058 436 3112 Ora
454 3075 523 3127 puer
541 3057 630 3126 prima
648 3056 757 3123 signans
774 3057 885 3111 intonsa
902 3058 1022 3111 iuventa

381 3134 434 3188 His
451 3151 527 3187 amor
543 3149 614 3186 unus
632 3138 699 3199 crat,
718 3132 878 3200 pariterque
895 3134 924 3185 in
942 3132 1016 3185 bella
1033 3132 1169 3199 ruebant3

380 3209 449 3263 Tum
467 3225 576 3278 quoque
594 3207 729 3261 communi
748 3211 857 3275 portam
875 3210 994 3261 statione
1013 3206 1154 3262 tenebant.

380 3285 464 3339 Nisus
482 3287 534 3339 ait:
553 3284 625 3337 Dine
642 3282 714 3336 hune
732 3283 859 3336 ardorem
877 3285 1016 3337 mentibus
1033 3283 1149 3352 addrmt,

380 3361 506 3429 Euryale,
525 3377 559 3413 an
578 3375 627 3411 sua
644 3358 742 3426 cuique
760 3357 829 3412 deus
846 3360 879 3413 fit
897 3359 958 3413 dira
975 3359 1094 3428 cupidol
1201 3377 1240 3417 1⁸5

366 3438 431 3493 Aut
443 3454 580 3509 pugnam,
600 3438 652 3492 aut
666 3434 774 3505 aliquid
786 3436 953 3489 iamdudum
962 3434 1095 3486 inuadere
1104 3450 1241 3499 magnum

348 3509 440 3571 Mens
458 3519 558 3588 agitat
575 3516 658 3587 mihi,
676 3530 734 3570 nec
751 3513 868 3586 placida
885 3512 1022 3564 contentu
1037 3506 1134 3571 quiete
1149 3510 1207 3555 esu

347 3585 451 3670 λων
473 3615 559 3671 utrae
576 3594 714 3653 Rutulos
735 3593 851 3652 habeat
865 3584 977 3644 fiducia
989 3593 1107 3634 rerum:
1160 3595 1163 3599 >
