3242 4159
669 519 851 570 AENEIDOS
867 521 938 571 LIB.
957 522 995 571 II.
1210 527 1257 580 107

402 599 432 652 N
433 615 472 653 eu
489 598 620 667 populum
638 598 752 668 antiqua
769 599 821 653 sub
839 600 969 668 religione
986 602 1065 657 tueri.
1157 631 1159 636 ·

403 676 431 729 N
433 692 480 729 am
498 674 522 728 si
539 677 632 727 vestra
649 691 745 728 manus
763 676 892 730 violasset
910 677 982 731 dona
1000 678 1147 749 Minervae,

392 753 615 818 -Tummagoum
624 750 973 820 exitium—quoddiprius
982 770 1061 808 omen
1070 756 1099 809 in
1108 748 1196 825 ip'sum
1222 774 1258 813 roo

402 826 727 885 Convertunt!-Priami
745 828 850 895 inperio
868 828 1078 898 Phrygibusque
1095 833 1233 899 futurum3

402 907 455 962 Sin
472 904 597 958 manibus
615 903 714 956 vestris
732 907 853 958 vestram
871 906 1039 961 ascendisset
1056 908 1084 961 in
1101 909 1205 979 urbem,

401 984 489 1037 Ultro
508 980 604 1034 Asiam
621 995 719 1047 magno
738 980 857 1049 Pelopea
875 982 911 1035 ad
928 984 1035 1037 moenia
1050 984 1123 1038 bello

401 1059 567 1125 Venturam,
587 1059 616 1109 et
633 1060 741 1109 nostros
759 1074 792 1111 ea
808 1058 868 1112 fata
885 1076 996 1114 manere
1014 1064 1134 1129 nepotes.

360 1127 415 1188 θ’
440 1132 552 1188 Talibus
569 1131 675 1185 insidiis
693 1133 850 1202 pesiurique
869 1140 928 1189 arte
947 1137 1054 1191 Sinonis
1221 1155 1258 1195 195

400 1212 520 1267 Credita
537 1228 589 1278 res,
608 1210 736 1279 captique
754 1209 823 1263 dolis
841 1212 1013 1281 lacrimisque
1030 1216 1137 1285 coactis,
1194 1206 1196 1208 ’

401 1290 482 1354 Quos
498 1305 587 1356 neque
606 1286 732 1354 Tydides,
751 1304 801 1339 nec
820 1287 977 1341 Larissaeus
995 1289 1124 1357 Achilles,

399 1366 469 1419 Non
487 1365 550 1418 anni
568 1364 698 1418 domuere
716 1362 819 1429 decem,
836 1380 890 1417 non
909 1364 982 1417 mille
1000 1365 1113 1419 carinae.

439 1440 496 1495 Hic
513 1440 588 1494 aliud
605 1440 692 1493 maius
710 1439 817 1493 miseris
835 1441 976 1509 multoque
993 1442 1166 1495 tremendum

399 1517 541 1572 Obiicitur
557 1516 651 1583 magia,
670 1519 753 1583 atque
771 1516 913 1584 inprovida
931 1521 1041 1586 pectora
1058 1518 1161 1572 turbat.
1221 1535 1257 1575 auo

398 1595 536 1662 Laocoon,
554 1592 654 1646 ductus
671 1593 801 1660 Neptuno
820 1597 894 1647 sorte
912 1594 1044 1661 sacerdos,

399 1671 548 1725 Sollemnis
565 1672 675 1724 taurum
693 1669 834 1736 ingentem
850 1671 989 1724 mactabat
1007 1672 1043 1724 ad
1060 1688 1127 1724 aras.

398 1748 475 1801 Eece
492 1750 584 1800 autem
601 1745 703 1812 gemini
721 1762 737 1798 a
756 1745 867 1798 Tenedo
885 1746 1033 1814 tranquilla
1050 1764 1101 1816 per
1118 1748 1209 1801 alta-

399 1825 543 1879 Horresco
561 1821 847 1875 referens-inmensis
865 1821 976 1874 orbibus
995 1839 1097 1889 angues

399 1899 572 1955 Incumbunt
589 1898 693 1966 pelago,
711 1897 870 1986 paritegquo
888 1898 924 1950 ad
942 1898 1022 1951 litora
1040 1898 1172 1965 tendunt;
1219 1915 1255 1955 aot

399 1977 520 2030 Pectora
538 1987 652 2043 quorum
671 1974 743 2026 inter
761 1972 860 2027 fluctus
879 1978 986 2027 arrecta
1003 1974 1139 2042 iubaeque

399 2053 572 2119 sanguineae
590 2052 721 2117 superant
738 2050 841 2112 undas3
858 2067 922 2118 pars
939 2055 1032 2104 cetera
1048 2057 1161 2121 pontum

400 2129 479 2183 Pone
495 2127 563 2194 legit
581 2126 726 2193 sinuatque
744 2125 866 2179 inmensa
883 2127 1018 2181 volumine
1036 2132 1120 2196 terga.

399 2205 452 2260 Fit
470 2205 573 2257 sonitus
592 2204 736 2270 spumante
755 2202 825 2264 salo;
843 2202 953 2272 iamque
970 2220 1035 2257 arva
1052 2204 1190 2271 tenebant,

399 2281 591 2348 Ardentisque
609 2278 699 2333 oeulos
717 2278 823 2331 suffecti
841 2280 971 2346 sanguino
988 2283 1018 2333 et
1033 2280 1097 2346 igni,
1217 2296 1254 2333 aro

400 2358 487 2413 Sibila
503 2355 662 2409 lambebant
679 2353 779 2420 linguis
796 2354 967 2408 vibrantibus
985 2372 1038 2408 ora.

400 2433 567 2500 Diffugimus
584 2433 643 2485 visu
662 2446 835 2497 exsangues.⁴
858 2429 903 2482 Illi
920 2430 1028 2497 agmine
1046 2434 1122 2484 certo

400 2511 559 2564 Laocoonta
575 2510 689 2577 petunt;
708 2511 737 2560 et
754 2507 872 2575 primum
891 2522 974 2573 parva
992 2506 1108 2558 duorum

400 2587 524 2653 Corpora
541 2587 668 2637 natorum
686 2600 799 2651 serpens
817 2582 957 2649 anrplexus
975 2584 1093 2649 uterque

401 2661 522 2730 Inplicat
540 2663 568 2713 et
586 2661 699 2713 miseros
716 2675 809 2711 morsu
826 2657 983 2725 depascitur
1000 2661 1091 2722 artus;
1219 2675 1255 2713 215

400 2738 471 2792 Post
489 2738 585 2805 ipsum,
603 2736 704 2789 auxilio
722 2736 886 2789 subeuntem
904 2751 935 2787 ao
953 2734 1009 2787 tela
1025 2735 1167 2803 ferentem,

400 2813 570 2882 corripiunt,
590 2812 725 2880 spirisque
743 2813 831 2878 ligant
849 2810 1020 2878 ingentibus3
1039 2815 1067 2865 et
1084 2811 1139 2864 iam

399 2892 452 2946 Bis
470 2889 591 2942 medium
610 2889 736 2956 amplexi,
756 2888 797 2941 bis
816 2887 884 2940 collo
903 2905 1032 2956 squamea
1049 2888 1150 2940 circum

400 2969 492 3034 Terga
510 2965 576 3033 dati,
594 2970 724 3033 superant
742 2966 831 3033 capite
850 2967 878 3017 et
895 2964 1044 3017 corvicibus
1062 2963 1131 3016 altis.

399 3044 455 3099 Ille
474 3042 555 3095 simul
573 3043 697 3096 manibus
716 3041 807 3094 tondit
825 3041 954 3094 divellere
971 3040 1064 3106 nodos,
1218 3052 1254 3091 rao

400 3121 535 3174 Perfusus
553 3122 628 3174 sanic
645 3121 728 3174 vittas
747 3123 863 3187 atroque
882 3134 991 3181 veneno,

400 3199 543 3254 Clamores
562 3199 641 3251 simul
659 3197 810 3251 horrendos
828 3195 864 3248 ad
883 3194 973 3249 sidera
989 3191 1075 3245 tollit:

400 3276 496 3340 Qualis
514 3277 641 3344 mugitus,
659 3276 730 3343 fugit
749 3290 809 3328 cum
828 3272 934 3325 saucius
952 3284 1025 3320 araur

399 3353 510 3407 Taurus
527 3356 556 3406 et
574 3353 707 3405 incertam
726 3350 845 3404 excussit
863 3345 967 3399 ceruice
986 3342 1106 3395 securim.
1232 3405 1238 3421 .

395 3431 443 3482 At
454 3430 562 3494 gemini
578 3430 656 3496 lapsu
676 3428 794 3481 delubra
814 3425 850 3481 ad
870 3439 979 3479 suuuua
996 3420 1132 3474 demones
1226 3432 1267 3467 aas

382 3502 531 3564 Effugiant
547 3519 708 3576 saevaeque
727 3510 834 3579 potunt
853 3502 1016 3561 Tritonidis
1034 3512 1144 3561 arcem,

368 3570 432 3624 sab
446 3573 632 3647 pedibusque
651 3582 730 3641 deae
747 3585 903 3658 clipeique
920 3580 982 3640 sub
999 3577 1078 3637 orbe
1092 3573 1255 3641 imm·
