3242 4159
384 532 434 580 aaa
618 526 649 575 P.
666 522 821 574 vascua
838 485 1005 570 aaronis

382 609 544 665 Concretam
562 605 664 661 exemit
680 604 779 670 labem,
796 615 952 670 purumque
969 599 1105 669 relinquit

382 684 545 740 Aetherium
563 698 672 738 semum
690 684 774 749 atque
791 678 868 731 aurai
887 676 1016 746 simplicis
1033 677 1138 744 ignem.

382 762 442 815 llas
460 759 554 826 omnis,
572 758 620 811 ubi
638 757 712 810 mille
730 760 820 809 rotam
839 755 948 809 volvere
966 770 1018 823 per
1036 768 1132 820 annos,

381 837 533 892 Lethaeum
552 834 588 888 ad
605 833 716 887 fluvium
734 832 803 886 deus
821 834 917 886 evocat
934 830 1045 898 agmine
1061 843 1174 896 magno,

381 912 491 967 Scilicet
507 912 669 964 inmemores
687 925 787 977 supera
804 911 838 961 nt
855 907 977 962 codvexa
994 906 1121 959 revisant
1207 916 1242 960 mo

382 988 487 1041 Rursus
505 990 534 1040 ct
552 986 682 1053 incipiant
700 985 861 1053 incorpora
878 984 949 1037 velle
966 982 1076 1037 reverti

416 1063 531 1117 Dixerat
550 1062 691 1127 Anchises,
710 1065 863 1129 natumque
880 1075 991 1128 unaque
1008 1057 1144 1127 Sibyllam

382 1140 538 1194 Conventus
556 1136 643 1192 trabit
659 1138 688 1190 in
707 1137 812 1191 medios
830 1135 996 1204 turbamque
1014 1139 1168 1202 sonantem,

381 1215 419 1270 Et
436 1214 572 1269 tumulum
590 1214 672 1283 capit,
690 1213 765 1267 unde
783 1212 871 1266 omnis
887 1212 968 1280 longo
987 1210 1083 1264 ordine
1101 1211 1192 1280 possit

382 1292 522 1345 Adversos
539 1291 640 1360 legere,
657 1294 686 1344 et
703 1290 861 1343 venientum
878 1288 985 1341 discere
1002 1287 1101 1341 voltus.
1207 1300 1245 1341 too

417 1368 497 1421 Nunc
514 1384 572 1435 age,
591 1366 758 1420 Dardaniam
775 1364 880 1434 prolem
897 1380 968 1430 quae
985 1362 1086 1416 deinde
1108 1367 1244 1431 sequatur

383 1443 484 1511 Gloria,
503 1443 551 1512 qui
569 1446 696 1497 maneant
714 1441 787 1494 Itala
803 1440 840 1494 de
857 1444 940 1507 gente
957 1442 1081 1507 nepotes,

383 1520 512 1574 Inlustris
529 1520 633 1572 animas
650 1521 828 1583 nostrumque
844 1516 873 1568 in
890 1531 989 1568 nomen
1005 1514 1100 1583 ituras,

383 1595 535 1665 Expediam
554 1595 642 1659 dictis,
661 1597 690 1647 et
707 1597 737 1647 te
754 1597 802 1648 tua
820 1593 879 1646 fata
896 1590 1006 1646 docebo

384 1671 443 1738 Ille,
461 1671 546 1737 rides,
564 1686 634 1739 pura
651 1669 756 1722 iuvenis
774 1669 822 1737 qni
839 1668 936 1722 nititur
953 1667 1040 1732 nasta
1205 1680 1245 1721 mo

384 1747 521 1800 Proxuma
539 1751 613 1800 sorte
630 1749 708 1800 tenet
725 1745 793 1799 lucis
810 1745 876 1812 loca,
895 1744 998 1813 primm
1015 1742 1051 1796 ad
1070 1758 1155 1796 auras

384 1822 533 1876 Aetherias
551 1823 624 1877 Italo
642 1822 804 1876 commixtus
823 1820 954 1888 sanguine
972 1822 1077 1886 surget,

384 1897 491 1966 Silvius,
510 1898 648 1952 Albanum
666 1915 773 1964 nomen,
791 1901 840 1951 tua
856 1900 985 1964 postrama
1000 1894 1101 1964 proles,

384 1972 471 2037 Quem
490 1973 543 2027 tibi
561 1974 693 2041 longaevo
712 1991 803 2027 serum
823 1972 936 2026 Lauinia
953 1972 1071 2025 coniunx

384 2048 492 2102 Educet
510 2049 585 2101 silvis
602 2066 696 2117 regem
714 2065 865 2116 regumque
883 2050 1033 2117 parentem,
1205 2059 1243 2103 m

383 2122 465 2177 Unde
482 2139 569 2192 genus
588 2124 684 2191 Longa
700 2128 825 2177 nostrum
843 2123 1030 2178 dominabitur
1047 2120 1129 2177 Alba

385 2198 537 2253 Proxumus
553 2199 600 2253 ille
619 2200 726 2266 Procas,
746 2200 878 2253 Troianae
895 2200 982 2267 gloria
998 2197 1096 2265 gentis,

384 2273 421 2328 Et
440 2275 535 2343 Capys,
553 2278 583 2329 et
601 2275 737 2342 Numitor,
757 2279 787 2329 et
804 2276 852 2343 qui
869 2279 900 2329 te
917 2275 1027 2329 nomine
1045 2273 1148 2330 reddet

384 2349 483 2404 Silvius
502 2353 620 2418 Aeneas,
638 2353 744 2421 pariter
761 2352 865 2420 pietate
883 2351 926 2404 vol
943 2351 1027 2404 armis

384 2426 527 2496 Egregius,
539 2428 561 2481 si
573 2445 702 2496 umquam
714 2428 882 2496 regnandam
895 2426 1031 2494 acceperit
1044 2424 1154 2480 Albam.
1204 2441 1243 2484 m

384 2502 438 2566 Qui
454 2505 578 2559 iuvenes!
599 2508 715 2573 quantas
733 2507 881 2571 ostentant,
899 2503 998 2571 aspice,
1015 2501 1088 2568 viris,

385 2580 481 2648 Atque
498 2580 625 2634 umbrata
641 2586 741 2649 gerunt
758 2581 830 2635 civili
846 2584 970 2647 tempora
987 2580 1106 2645 quercu!

385 2653 424 2707 Hi
442 2656 492 2709 tibi
511 2656 678 2711 Nomentum
696 2662 725 2711 et
744 2658 845 2711 Gabios
862 2656 1015 2723 urbemque
1033 2653 1178 2721 Fidenam,

385 2728 425 2783 Hi
443 2731 590 2784 Collatinas
607 2732 738 2799 inponent
755 2734 892 2787 montibus
909 2748 994 2797 arces,

385 2805 523 2860 Pometios
542 2806 723 2873 Castrumque
744 2808 806 2862 Inui
825 2809 977 2877 Bolamque
996 2806 1159 2873 Coramque·
1205 2822 1243 2863 m

385 2881 463 2935 Haec
475 2885 534 2935 tum
546 2880 656 2935 nomina
668 2888 757 2950 crunt,
770 2900 842 2937 nunc
854 2888 919 2938 sunt
931 2884 989 2937 sine
1001 2882 1110 2936 nomine
1122 2886 1225 2938 terrae.

385 2957 457 3023 Quin
475 2960 504 3011 ct
522 2973 572 3010 avo
590 2958 717 3011 comitem
736 2977 796 3014 sese
816 2960 967 3014 Mavortius
984 2958 1072 3012 addet

385 3032 525 3100 Romulus,
545 3034 672 3088 Assaraci
689 3052 771 3104 quem
789 3036 928 3104 sanguinis
947 3035 1000 3088 llia
1017 3037 1107 3087 mater

385 3109 498 3164 Educet.
535 3109 642 3177 Vidon’,
659 3114 693 3166 ut
708 3113 834 3181 geminae
852 3115 927 3165 stant
945 3110 1047 3165 vertice
1064 3110 1171 3177 cristae

384 3185 422 3240 Et
438 3188 519 3255 pater
536 3184 596 3255 ipse
614 3202 662 3240 suo
680 3205 809 3258 superum
826 3188 881 3241 iam
898 3188 988 3255 signat
1005 3186 1123 3241 honoret
1205 3202 1244 3243 rso

385 3260 434 3327 En,
452 3261 540 3327 haim,
559 3265 631 3328 nate,
649 3264 775 3334 auspiciis
793 3264 840 3317 illa
857 3263 959 3317 incluta
977 3262 1066 3316 Roma

386 3335 526 3405 Inperinm
545 3338 634 3405 terris,
652 3340 756 3393 animos
774 3338 903 3408 aequabit
922 3337 1045 3407 Olympo,

385 3411 554 3481 Septemquo
571 3427 625 3469 una
643 3415 694 3471 sibi
712 3432 791 3470 muro
809 3414 992 3469 circumdabit
1007 3429 1095 3476 arces,

369 3485 454 3543 Febr
466 3488 550 3559 prole
571 3494 677 3553 virum:
695 3494 790 3568 qualis
808 3491 982 3560 Berecyntia
995 3490 1088 3539 motat

344 3560 511 3690 *hyemem
527 3586 619 3633 curru
643 3573 791 3649 Phrygias
809 3569 924 3628 murts
938 3579 992 3632 pat
1008 3558 1110 3617 mma
1239 3564 1284 3599 '¹⁸‘
