<?xml version="1.0" encoding="UTF-8"?>
<!DOCTYPE html PUBLIC "-//W3C//DTD XHTML 1.0 Transitional//EN"
    "http://www.w3.org/TR/xhtml1/DTD/xhtml1-transitional.dtd">
<html xmlns="http://www.w3.org/1999/xhtml" xml:lang="en" lang="en">
 <head>
  <title>
</title>
<meta http-equiv="Content-Type" content="text/html;charset=utf-8" />
  <meta name='ocr-system' content='tesseract 3.04.00' />
  <meta name='ocr-capabilities' content='ocr_page ocr_carea ocr_par ocr_line ocrx_word'/>
</head>
<body>
  <div class='ocr_page' id='page_1' title='image "./publivergilimar00conigoog/publivergilimar00conigoog_0080.png"; bbox 0 0 3242 4159; ppageno 0'>
   <div class='ocr_carea' id='block_1_1' title="bbox 393 531 1011 598">
    <p class='ocr_par' dir='ltr' id='par_1_1' title="bbox 393 531 1011 598">
     <span class='ocr_line' id='line_1_1' title="bbox 393 531 1011 598; baseline 0 -16"><span class='ocrx_word' id='word_1_1' title='bbox 393 531 425 598; x_wconf 71' lang='lat' dir='ltr'>sl</span> <span class='ocrx_word' id='word_1_2' title='bbox 628 532 657 580; x_wconf 91' lang='lat' dir='ltr'>P.</span> <span class='ocrx_word' id='word_1_3' title='bbox 676 533 831 580; x_wconf 84' lang='lat' dir='ltr'><strong>VERGILI</strong></span> <span class='ocrx_word' id='word_1_4' title='bbox 847 534 1011 582; x_wconf 84' lang='lat' dir='ltr'>MARONIS</span> 
     </span>
    </p>
   </div>
   <div class='ocr_carea' id='block_1_2' title="bbox 367 611 1250 3585">
    <p class='ocr_par' dir='ltr' id='par_1_2' title="bbox 367 611 1250 3585">
     <span class='ocr_line' id='line_1_2' title="bbox 375 611 1200 686; baseline 0.004 -19"><span class='ocrx_word' id='word_1_5' title='bbox 375 611 606 681; x_wconf 32' lang='lat' dir='ltr'>,Extremumque</span> <span class='ocrx_word' id='word_1_6' title='bbox 624 613 708 680; x_wconf 86' lang='lat' dir='ltr'>sequi,</span> <span class='ocrx_word' id='word_1_7' title='bbox 727 616 776 668; x_wconf 91' lang='lat' dir='ltr'>aut</span> <span class='ocrx_word' id='word_1_8' title='bbox 792 613 885 668; x_wconf 90' lang='lat' dir='ltr'>medio</span> <span class='ocrx_word' id='word_1_9' title='bbox 901 611 1083 683; x_wconf 71' lang='lat' dir='ltr'>procumbere</span> <span class='ocrx_word' id='word_1_10' title='bbox 1100 630 1200 686; x_wconf 82' lang='lat' dir='ltr'>campo</span> 
     </span>
     <span class='ocr_line' id='line_1_3' title="bbox 393 685 1061 757; baseline 0.006 -16"><span class='ocrx_word' id='word_1_11' title='bbox 393 685 562 756; x_wconf 88' lang='lat' dir='ltr'>Pascentem,</span> <span class='ocrx_word' id='word_1_12' title='bbox 581 692 611 742; x_wconf 84' lang='lat' dir='ltr'>et</span> <span class='ocrx_word' id='word_1_13' title='bbox 627 705 705 743; x_wconf 88' lang='lat' dir='ltr'>serae</span> <span class='ocrx_word' id='word_1_14' title='bbox 723 691 808 744; x_wconf 88' lang='lat' dir='ltr'>solam</span> <span class='ocrx_word' id='word_1_15' title='bbox 827 690 962 744; x_wconf 79' lang='lat' dir='ltr'>decedere</span> <span class='ocrx_word' id='word_1_16' title='bbox 980 691 1061 757; x_wconf 91' lang='lat' dir='ltr'>nocti,</span> 
     </span>
     <span class='ocr_line' id='line_1_4' title="bbox 394 764 1107 837; baseline 0.004 -19"><span class='ocrx_word' id='word_1_17' title='bbox 394 764 529 819; x_wconf 77' lang='lat' dir='ltr'>Continuo</span> <span class='ocrx_word' id='word_1_18' title='bbox 546 766 655 834; x_wconf 89' lang='lat' dir='ltr'>culpam</span> <span class='ocrx_word' id='word_1_19' title='bbox 671 766 744 819; x_wconf 90' lang='lat' dir='ltr'>ferro</span> <span class='ocrx_word' id='word_1_20' title='bbox 763 783 911 835; x_wconf 84' lang='lat' dir='ltr'>compesce,</span> <span class='ocrx_word' id='word_1_21' title='bbox 929 767 1006 836; x_wconf 91' lang='lat' dir='ltr'>prius</span> <span class='ocrx_word' id='word_1_22' title='bbox 1024 784 1107 837; x_wconf 86' lang='lat' dir='ltr'>quum</span> 
     </span>
     <span class='ocr_line' id='line_1_5' title="bbox 393 839 1077 912; baseline 0.006 -18"><span class='ocrx_word' id='word_1_23' title='bbox 393 839 462 894; x_wconf 91' lang='lat' dir='ltr'>Dira</span> <span class='ocrx_word' id='word_1_24' title='bbox 478 858 528 910; x_wconf 88' lang='lat' dir='ltr'>per</span> <span class='ocrx_word' id='word_1_25' title='bbox 544 843 683 895; x_wconf 90' lang='lat' dir='ltr'>incautum</span> <span class='ocrx_word' id='word_1_26' title='bbox 701 846 814 910; x_wconf 84' lang='lat' dir='ltr'>serpant</span> <span class='ocrx_word' id='word_1_27' title='bbox 831 844 958 911; x_wconf 81' lang='lat' dir='ltr'>contagia</span> <span class='ocrx_word' id='word_1_28' title='bbox 975 844 1077 912; x_wconf 71' lang='lat' dir='ltr'>volgum.</span> 
     </span>
     <span class='ocr_line' id='line_1_6' title="bbox 393 915 1250 989; baseline 0.008 -19"><span class='ocrx_word' id='word_1_29' title='bbox 393 915 420 971; x_wconf 90' lang='lat' dir='ltr'>N</span> <span class='ocrx_word' id='word_1_30' title='bbox 421 933 456 970; x_wconf 91' lang='lat' dir='ltr'>on</span> <span class='ocrx_word' id='word_1_31' title='bbox 467 921 523 971; x_wconf 87' lang='lat' dir='ltr'>tam</span> <span class='ocrx_word' id='word_1_32' title='bbox 536 918 632 988; x_wconf 82' lang='lat' dir='ltr'>creber</span> <span class='ocrx_word' id='word_1_33' title='bbox 643 934 729 985; x_wconf 81' lang='lat' dir='ltr'>agens</span> <span class='ocrx_word' id='word_1_34' title='bbox 741 918 861 972; x_wconf 89' lang='lat' dir='ltr'>hiemem</span> <span class='ocrx_word' id='word_1_35' title='bbox 872 919 929 973; x_wconf 93' lang='lat' dir='ltr'>ruit</span> <span class='ocrx_word' id='word_1_36' title='bbox 941 936 1060 989; x_wconf 89' lang='lat' dir='ltr'>aequore</span> <span class='ocrx_word' id='word_1_37' title='bbox 1072 923 1164 988; x_wconf 89' lang='lat' dir='ltr'>turbo,</span> <span class='ocrx_word' id='word_1_38' title='bbox 1212 937 1250 978; x_wconf 78' lang='lat' dir='ltr'>uo</span> 
     </span>
     <span class='ocr_line' id='line_1_7' title="bbox 394 991 1206 1063; baseline 0.007 -18"><span class='ocrx_word' id='word_1_39' title='bbox 394 993 481 1057; x_wconf 88' lang='lat' dir='ltr'>Quam</span> <span class='ocrx_word' id='word_1_40' title='bbox 499 994 601 1047; x_wconf 90' lang='lat' dir='ltr'>multae</span> <span class='ocrx_word' id='word_1_41' title='bbox 618 993 755 1063; x_wconf 87' lang='lat' dir='ltr'>pecudum</span> <span class='ocrx_word' id='word_1_42' title='bbox 772 998 874 1062; x_wconf 88' lang='lat' dir='ltr'>pestes.</span> <span class='ocrx_word' id='word_1_43' title='bbox 911 991 970 1048; x_wconf 89' lang='lat' dir='ltr'>Nee</span> <span class='ocrx_word' id='word_1_44' title='bbox 988 995 1096 1063; x_wconf 82' lang='lat' dir='ltr'>singula</span> <span class='ocrx_word' id='word_1_45' title='bbox 1113 997 1206 1051; x_wconf 85' lang='lat' dir='ltr'>morbi</span> 
     </span>
     <span class='ocr_line' id='line_1_8' title="bbox 393 1069 1098 1140; baseline 0.004 -18"><span class='ocrx_word' id='word_1_46' title='bbox 393 1069 515 1137; x_wconf 84' lang='lat' dir='ltr'>Corpora</span> <span class='ocrx_word' id='word_1_47' title='bbox 532 1070 691 1140; x_wconf 88' lang='lat' dir='ltr'>corripiunt,</span> <span class='ocrx_word' id='word_1_48' title='bbox 709 1069 759 1123; x_wconf 90' lang='lat' dir='ltr'>sed</span> <span class='ocrx_word' id='word_1_49' title='bbox 776 1072 837 1125; x_wconf 90' lang='lat' dir='ltr'>tota</span> <span class='ocrx_word' id='word_1_50' title='bbox 854 1071 959 1124; x_wconf 83' lang='lat' dir='ltr'>aestiva</span> <span class='ocrx_word' id='word_1_51' title='bbox 975 1074 1098 1140; x_wconf 89' lang='lat' dir='ltr'>repente,</span> 
     </span>
     <span class='ocr_line' id='line_1_9' title="bbox 393 1143 1250 1227; baseline 0.006 -28"><span class='ocrx_word' id='word_1_52' title='bbox 393 1143 531 1215; x_wconf 78' lang='lat' dir='ltr'>Spemque</span> <span class='ocrx_word' id='word_1_53' title='bbox 556 1162 725 1227; x_wconf 74' lang='lat' dir='ltr'>gregemque</span> <span class='ocrx_word' id='word_1_54' title='bbox 751 1145 840 1212; x_wconf 87' lang='lat' dir='ltr'>simul,</span> <span class='ocrx_word' id='word_1_55' title='bbox 867 1150 1047 1215; x_wconf 88' lang='lat' dir='ltr'>cunctamque</span> <span class='ocrx_word' id='word_1_56' title='bbox 1076 1148 1113 1201; x_wconf 88' lang='lat' dir='ltr'>ab</span> <span class='ocrx_word' id='word_1_57' title='bbox 1142 1151 1250 1215; x_wconf 83' lang='lat' dir='ltr'>origine</span> 
     </span>
     <span class='ocr_line' id='line_1_10' title="bbox 460 1226 578 1290; baseline 0 -14"><span class='ocrx_word' id='word_1_58' title='bbox 460 1226 578 1290; x_wconf 83' lang='lat' dir='ltr'>gentem.</span> 
     </span>
     <span class='ocr_line' id='line_1_11' title="bbox 393 1296 1055 1369; baseline 0.002 -18"><span class='ocrx_word' id='word_1_59' title='bbox 393 1296 462 1351; x_wconf 76' lang='lat' dir='ltr'>Tum</span> <span class='ocrx_word' id='word_1_60' title='bbox 479 1300 555 1368; x_wconf 88' lang='lat' dir='ltr'>sciat,</span> <span class='ocrx_word' id='word_1_61' title='bbox 574 1300 662 1355; x_wconf 88' lang='lat' dir='ltr'>acrias</span> <span class='ocrx_word' id='word_1_62' title='bbox 681 1300 768 1368; x_wconf 84' lang='lat' dir='ltr'>Alpes</span> <span class='ocrx_word' id='word_1_63' title='bbox 785 1302 815 1353; x_wconf 92' lang='lat' dir='ltr'>et</span> <span class='ocrx_word' id='word_1_64' title='bbox 833 1298 934 1352; x_wconf 89' lang='lat' dir='ltr'>Norica</span> <span class='ocrx_word' id='word_1_65' title='bbox 951 1299 974 1352; x_wconf 90' lang='lat' dir='ltr'>si</span> <span class='ocrx_word' id='word_1_66' title='bbox 993 1299 1055 1369; x_wconf 87' lang='lat' dir='ltr'>quis</span> 
     </span>
     <span class='ocr_line' id='line_1_12' title="bbox 393 1374 1250 1443; baseline 0.007 -16"><span class='ocrx_word' id='word_1_67' title='bbox 393 1374 513 1429; x_wconf 81' lang='lat' dir='ltr'>Castella</span> <span class='ocrx_word' id='word_1_68' title='bbox 530 1376 558 1430; x_wconf 88' lang='lat' dir='ltr'>in</span> <span class='ocrx_word' id='word_1_69' title='bbox 576 1376 689 1430; x_wconf 90' lang='lat' dir='ltr'>tumulis</span> <span class='ocrx_word' id='word_1_70' title='bbox 707 1380 736 1430; x_wconf 88' lang='lat' dir='ltr'>et</span> <span class='ocrx_word' id='word_1_71' title='bbox 754 1375 866 1443; x_wconf 83' lang='lat' dir='ltr'>Iapydis</span> <span class='ocrx_word' id='word_1_72' title='bbox 884 1392 950 1428; x_wconf 86' lang='lat' dir='ltr'>arva</span> <span class='ocrx_word' id='word_1_73' title='bbox 967 1375 1072 1429; x_wconf 83' lang='lat' dir='ltr'>Timavi</span> <span class='ocrx_word' id='word_1_74' title='bbox 1212 1392 1250 1433; x_wconf 76' lang='lat'>47⁵</span> 
     </span>
     <span class='ocr_line' id='line_1_13' title="bbox 392 1449 1174 1521; baseline 0.003 -18"><span class='ocrx_word' id='word_1_75' title='bbox 392 1449 473 1504; x_wconf 89' lang='lat' dir='ltr'>Nunc</span> <span class='ocrx_word' id='word_1_76' title='bbox 490 1468 599 1520; x_wconf 89' lang='lat' dir='ltr'>quoque</span> <span class='ocrx_word' id='word_1_77' title='bbox 617 1454 681 1521; x_wconf 87' lang='lat' dir='ltr'>post</span> <span class='ocrx_word' id='word_1_78' title='bbox 697 1454 774 1504; x_wconf 87' lang='lat' dir='ltr'>tanto</span> <span class='ocrx_word' id='word_1_79' title='bbox 792 1450 887 1504; x_wconf 85' lang='lat' dir='ltr'>videat</span> <span class='ocrx_word' id='word_1_80' title='bbox 904 1449 1069 1520; x_wconf 77' lang='lat' dir='ltr'>desertaque</span> <span class='ocrx_word' id='word_1_81' title='bbox 1086 1467 1174 1518; x_wconf 81' lang='lat' dir='ltr'>regua</span> 
     </span>
     <span class='ocr_line' id='line_1_14' title="bbox 393 1525 1063 1595; baseline 0.006 -15"><span class='ocrx_word' id='word_1_82' title='bbox 393 1525 539 1580; x_wconf 87' lang='lat' dir='ltr'>Pastorum</span> <span class='ocrx_word' id='word_1_83' title='bbox 557 1530 587 1581; x_wconf 89' lang='lat' dir='ltr'>et</span> <span class='ocrx_word' id='word_1_84' title='bbox 604 1528 684 1595; x_wconf 86' lang='lat' dir='ltr'>longo</span> <span class='ocrx_word' id='word_1_85' title='bbox 701 1527 787 1580; x_wconf 90' lang='lat' dir='ltr'>saltus</span> <span class='ocrx_word' id='word_1_86' title='bbox 804 1526 916 1595; x_wconf 91' lang='lat' dir='ltr'>lateque</span> <span class='ocrx_word' id='word_1_87' title='bbox 933 1527 1063 1584; x_wconf 85' lang='lat' dir='ltr'>vacantis.</span> 
     </span>
     <span class='ocr_line' id='line_1_15' title="bbox 428 1602 1186 1671; baseline 0.003 -14"><span class='ocrx_word' id='word_1_88' title='bbox 428 1602 483 1657; x_wconf 91' lang='lat' dir='ltr'>Hic</span> <span class='ocrx_word' id='word_1_89' title='bbox 501 1603 638 1671; x_wconf 88' lang='lat' dir='ltr'>quondam</span> <span class='ocrx_word' id='word_1_90' title='bbox 655 1603 751 1657; x_wconf 90' lang='lat' dir='ltr'>morbo</span> <span class='ocrx_word' id='word_1_91' title='bbox 769 1602 837 1656; x_wconf 89' lang='lat' dir='ltr'>caeli</span> <span class='ocrx_word' id='word_1_92' title='bbox 854 1602 1012 1657; x_wconf 87' lang='lat' dir='ltr'>miseranda</span> <span class='ocrx_word' id='word_1_93' title='bbox 1028 1605 1125 1657; x_wconf 89' lang='lat' dir='ltr'>coorta</span> <span class='ocrx_word' id='word_1_94' title='bbox 1141 1606 1186 1659; x_wconf 87' lang='lat' dir='ltr'>est</span> 
     </span>
     <span class='ocr_line' id='line_1_16' title="bbox 393 1677 1093 1750; baseline -0.003 -17"><span class='ocrx_word' id='word_1_95' title='bbox 393 1678 553 1750; x_wconf 72' lang='lat' dir='ltr'>Tempestas</span> <span class='ocrx_word' id='word_1_96' title='bbox 571 1683 685 1749; x_wconf 89' lang='lat' dir='ltr'>totoque</span> <span class='ocrx_word' id='word_1_97' title='bbox 703 1678 828 1733; x_wconf 83' lang='lat' dir='ltr'>autumni</span> <span class='ocrx_word' id='word_1_98' title='bbox 845 1677 989 1732; x_wconf 79' lang='lat' dir='ltr'>incanduit</span> <span class='ocrx_word' id='word_1_99' title='bbox 1006 1682 1093 1746; x_wconf 85' lang='lat' dir='ltr'>aestu,</span> 
     </span>
     <span class='ocr_line' id='line_1_17' title="bbox 392 1754 1249 1824; baseline 0.001 -16"><span class='ocrx_word' id='word_1_100' title='bbox 392 1754 430 1810; x_wconf 84' lang='lat' dir='ltr'>llt</span> <span class='ocrx_word' id='word_1_101' title='bbox 441 1773 526 1824; x_wconf 83' lang='lat' dir='ltr'>genus</span> <span class='ocrx_word' id='word_1_102' title='bbox 539 1772 618 1810; x_wconf 90' lang='lat' dir='ltr'>omne</span> <span class='ocrx_word' id='word_1_103' title='bbox 630 1757 691 1810; x_wconf 90' lang='lat' dir='ltr'>neci</span> <span class='ocrx_word' id='word_1_104' title='bbox 702 1755 838 1824; x_wconf 89' lang='lat' dir='ltr'>pecudum</span> <span class='ocrx_word' id='word_1_105' title='bbox 850 1754 938 1822; x_wconf 88' lang='lat' dir='ltr'>dedit,</span> <span class='ocrx_word' id='word_1_106' title='bbox 951 1770 1032 1807; x_wconf 92' lang='lat' dir='ltr'>omne</span> <span class='ocrx_word' id='word_1_107' title='bbox 1042 1755 1171 1820; x_wconf 84' lang='lat' dir='ltr'>ferarum,</span> <span class='ocrx_word' id='word_1_108' title='bbox 1186 1798 1191 1805; x_wconf 91' lang='lat'>.</span> <span class='ocrx_word' id='word_1_109' title='bbox 1211 1772 1249 1813; x_wconf 72' lang='lat' dir='ltr'>rso</span> 
     </span>
     <span class='ocr_line' id='line_1_18' title="bbox 393 1829 1000 1902; baseline -0.003 -16"><span class='ocrx_word' id='word_1_110' title='bbox 393 1832 578 1902; x_wconf 79' lang='lat' dir='ltr'>Corrupitqne</span> <span class='ocrx_word' id='word_1_111' title='bbox 595 1833 678 1899; x_wconf 89' lang='lat' dir='ltr'>lacus,</span> <span class='ocrx_word' id='word_1_112' title='bbox 695 1832 791 1886; x_wconf 86' lang='lat' dir='ltr'>infecit</span> <span class='ocrx_word' id='word_1_113' title='bbox 808 1829 910 1899; x_wconf 86' lang='lat' dir='ltr'>pabula</span> <span class='ocrx_word' id='word_1_114' title='bbox 926 1830 1000 1885; x_wconf 85' lang='lat' dir='ltr'>tabo.</span> 
     </span>
     <span class='ocr_line' id='line_1_19' title="bbox 393 1906 1179 1977; baseline 0.003 -16"><span class='ocrx_word' id='word_1_115' title='bbox 393 1907 452 1961; x_wconf 91' lang='lat' dir='ltr'>Nee</span> <span class='ocrx_word' id='word_1_116' title='bbox 468 1909 513 1961; x_wconf 85' lang='lat' dir='ltr'>via</span> <span class='ocrx_word' id='word_1_117' title='bbox 530 1909 627 1962; x_wconf 87' lang='lat' dir='ltr'>mortis</span> <span class='ocrx_word' id='word_1_118' title='bbox 644 1912 705 1963; x_wconf 87' lang='lat' dir='ltr'>erat</span> <span class='ocrx_word' id='word_1_119' title='bbox 723 1908 853 1977; x_wconf 82' lang='lat' dir='ltr'>simplex;</span> <span class='ocrx_word' id='word_1_120' title='bbox 871 1906 921 1960; x_wconf 91' lang='lat' dir='ltr'>sed</span> <span class='ocrx_word' id='word_1_121' title='bbox 938 1906 986 1960; x_wconf 92' lang='lat' dir='ltr'>ubi</span> <span class='ocrx_word' id='word_1_122' title='bbox 1003 1906 1085 1975; x_wconf 85' lang='lat' dir='ltr'>ignea</span> <span class='ocrx_word' id='word_1_123' title='bbox 1101 1910 1179 1963; x_wconf 80' lang='lat' dir='ltr'>renis</span> 
     </span>
     <span class='ocr_line' id='line_1_20' title="bbox 392 1982 1087 2051; baseline -0.001 -15"><span class='ocrx_word' id='word_1_124' title='bbox 392 1982 526 2036; x_wconf 90' lang='lat' dir='ltr'>Omnibus</span> <span class='ocrx_word' id='word_1_125' title='bbox 543 1988 605 2038; x_wconf 86' lang='lat' dir='ltr'>acta</span> <span class='ocrx_word' id='word_1_126' title='bbox 621 1984 682 2037; x_wconf 86' lang='lat' dir='ltr'>sitis</span> <span class='ocrx_word' id='word_1_127' title='bbox 699 1984 814 2037; x_wconf 89' lang='lat' dir='ltr'>miseros</span> <span class='ocrx_word' id='word_1_128' title='bbox 830 1983 987 2037; x_wconf 78' lang='lat' dir='ltr'>adduxerat</span> <span class='ocrx_word' id='word_1_129' title='bbox 1003 1986 1087 2051; x_wconf 70' lang='lat' dir='ltr'>artus</span> 
     </span>
     <span class='ocr_line' id='line_1_21' title="bbox 392 2057 1161 2128; baseline 0.003 -15"><span class='ocrx_word' id='word_1_130' title='bbox 392 2058 500 2113; x_wconf 73' lang='lat' dir='ltr'>Rursum</span> <span class='ocrx_word' id='word_1_131' title='bbox 517 2058 675 2114; x_wconf 81' lang='lat' dir='ltr'>abundabat</span> <span class='ocrx_word' id='word_1_132' title='bbox 693 2059 794 2113; x_wconf 90' lang='lat' dir='ltr'>fluidus</span> <span class='ocrx_word' id='word_1_133' title='bbox 811 2059 902 2128; x_wconf 91' lang='lat' dir='ltr'>liquor</span> <span class='ocrx_word' id='word_1_134' title='bbox 920 2057 1066 2128; x_wconf 86' lang='lat' dir='ltr'>omniaque</span> <span class='ocrx_word' id='word_1_135' title='bbox 1083 2060 1112 2114; x_wconf 92' lang='lat' dir='ltr'>in</span> <span class='ocrx_word' id='word_1_136' title='bbox 1130 2077 1161 2115; x_wconf 86' lang='lat' dir='ltr'>se</span> 
     </span>
     <span class='ocr_line' id='line_1_22' title="bbox 392 2132 1249 2203; baseline 0.006 -17"><span class='ocrx_word' id='word_1_137' title='bbox 392 2132 462 2187; x_wconf 89' lang='lat' dir='ltr'>Ossa</span> <span class='ocrx_word' id='word_1_138' title='bbox 479 2134 636 2189; x_wconf 89' lang='lat' dir='ltr'>minutatim</span> <span class='ocrx_word' id='word_1_139' title='bbox 653 2135 748 2189; x_wconf 91' lang='lat' dir='ltr'>morbo</span> <span class='ocrx_word' id='word_1_140' title='bbox 766 2134 894 2203; x_wconf 84' lang='lat' dir='ltr'>conlapsa</span> <span class='ocrx_word' id='word_1_141' title='bbox 910 2133 1046 2188; x_wconf 87' lang='lat' dir='ltr'>trahebat.</span> <span class='ocrx_word' id='word_1_142' title='bbox 1212 2152 1249 2191; x_wconf 78' lang='lat' dir='ltr'>sss</span> 
     </span>
     <span class='ocr_line' id='line_1_23' title="bbox 392 2209 1211 2279; baseline 0.004 -15"><span class='ocrx_word' id='word_1_143' title='bbox 392 2209 482 2279; x_wconf 83' lang='lat' dir='ltr'>Saepe</span> <span class='ocrx_word' id='word_1_144' title='bbox 497 2210 526 2263; x_wconf 91' lang='lat' dir='ltr'>in</span> <span class='ocrx_word' id='word_1_145' title='bbox 544 2211 645 2265; x_wconf 90' lang='lat' dir='ltr'>honore</span> <span class='ocrx_word' id='word_1_146' title='bbox 663 2212 744 2265; x_wconf 89' lang='lat' dir='ltr'>deum</span> <span class='ocrx_word' id='word_1_147' title='bbox 763 2211 854 2264; x_wconf 90' lang='lat' dir='ltr'>medio</span> <span class='ocrx_word' id='word_1_148' title='bbox 872 2214 948 2264; x_wconf 85' lang='lat' dir='ltr'>stans</span> <span class='ocrx_word' id='word_1_149' title='bbox 965 2210 1055 2264; x_wconf 91' lang='lat' dir='ltr'>hostia</span> <span class='ocrx_word' id='word_1_150' title='bbox 1072 2213 1110 2265; x_wconf 91' lang='lat' dir='ltr'>ad</span> <span class='ocrx_word' id='word_1_151' title='bbox 1126 2228 1211 2279; x_wconf 87' lang='lat' dir='ltr'>aram,</span> 
     </span>
     <span class='ocr_line' id='line_1_24' title="bbox 392 2285 1068 2354; baseline -0.003 -13"><span class='ocrx_word' id='word_1_152' title='bbox 392 2286 485 2343; x_wconf 87' lang='lat' dir='ltr'>Lanea</span> <span class='ocrx_word' id='word_1_153' title='bbox 503 2288 569 2342; x_wconf 93' lang='lat' dir='ltr'>dum</span> <span class='ocrx_word' id='word_1_154' title='bbox 586 2287 666 2342; x_wconf 88' lang='lat' dir='ltr'>nivea</span> <span class='ocrx_word' id='word_1_155' title='bbox 683 2286 869 2342; x_wconf 90' lang='lat' dir='ltr'>circumdatur</span> <span class='ocrx_word' id='word_1_156' title='bbox 886 2285 972 2340; x_wconf 87' lang='lat' dir='ltr'>infula</span> <span class='ocrx_word' id='word_1_157' title='bbox 990 2286 1068 2354; x_wconf 86' lang='lat' dir='ltr'>vitta,</span> 
     </span>
     <span class='ocr_line' id='line_1_25' title="bbox 392 2362 1104 2419; baseline 0 -2"><span class='ocrx_word' id='word_1_158' title='bbox 392 2363 472 2419; x_wconf 88' lang='lat' dir='ltr'>Inter</span> <span class='ocrx_word' id='word_1_159' title='bbox 489 2365 641 2419; x_wconf 86' lang='lat' dir='ltr'>cunctantis</span> <span class='ocrx_word' id='word_1_160' title='bbox 658 2364 758 2418; x_wconf 89' lang='lat' dir='ltr'>cecidit</span> <span class='ocrx_word' id='word_1_161' title='bbox 776 2362 940 2416; x_wconf 88' lang='lat' dir='ltr'>moribunda</span> <span class='ocrx_word' id='word_1_162' title='bbox 956 2362 1104 2417; x_wconf 82' lang='lat' dir='ltr'>ministros</span> 
     </span>
     <span class='ocr_line' id='line_1_26' title="bbox 392 2439 1107 2511; baseline -0.006 -16"><span class='ocrx_word' id='word_1_163' title='bbox 392 2442 453 2495; x_wconf 84' lang='lat' dir='ltr'>Aut</span> <span class='ocrx_word' id='word_1_164' title='bbox 470 2441 494 2497; x_wconf 92' lang='lat' dir='ltr'>si</span> <span class='ocrx_word' id='word_1_165' title='bbox 512 2458 594 2511; x_wconf 90' lang='lat' dir='ltr'>quam</span> <span class='ocrx_word' id='word_1_166' title='bbox 611 2441 685 2496; x_wconf 86' lang='lat' dir='ltr'>ferro</span> <span class='ocrx_word' id='word_1_167' title='bbox 702 2442 871 2494; x_wconf 79' lang='lat' dir='ltr'>mactaverat</span> <span class='ocrx_word' id='word_1_168' title='bbox 888 2442 953 2492; x_wconf 88' lang='lat' dir='ltr'>ante</span> <span class='ocrx_word' id='word_1_169' title='bbox 971 2439 1107 2506; x_wconf 86' lang='lat' dir='ltr'>sacerdos,</span> 
     </span>
     <span class='ocr_line' id='line_1_27' title="bbox 392 2514 1248 2587; baseline -0.001 -16"><span class='ocrx_word' id='word_1_170' title='bbox 392 2517 465 2572; x_wconf 90' lang='lat' dir='ltr'>Inde</span> <span class='ocrx_word' id='word_1_171' title='bbox 481 2535 571 2587; x_wconf 88' lang='lat' dir='ltr'>neque</span> <span class='ocrx_word' id='word_1_172' title='bbox 587 2517 714 2587; x_wconf 86' lang='lat' dir='ltr'>inpositis</span> <span class='ocrx_word' id='word_1_173' title='bbox 731 2516 832 2570; x_wconf 87' lang='lat' dir='ltr'>ardent</span> <span class='ocrx_word' id='word_1_174' title='bbox 849 2514 946 2569; x_wconf 82' lang='lat' dir='ltr'>altaria</span> <span class='ocrx_word' id='word_1_175' title='bbox 964 2514 1047 2583; x_wconf 87' lang='lat' dir='ltr'>fibris,</span> <span class='ocrx_word' id='word_1_176' title='bbox 1211 2530 1248 2570; x_wconf 79' lang='lat' dir='ltr'>seo</span> 
     </span>
     <span class='ocr_line' id='line_1_28' title="bbox 392 2591 1101 2661; baseline -0.004 -14"><span class='ocrx_word' id='word_1_177' title='bbox 392 2592 451 2647; x_wconf 89' lang='lat' dir='ltr'>Nec</span> <span class='ocrx_word' id='word_1_178' title='bbox 468 2610 598 2661; x_wconf 89' lang='lat' dir='ltr'>responsa</span> <span class='ocrx_word' id='word_1_179' title='bbox 614 2597 707 2661; x_wconf 89' lang='lat' dir='ltr'>potest</span> <span class='ocrx_word' id='word_1_180' title='bbox 724 2591 863 2645; x_wconf 90' lang='lat' dir='ltr'>consultus</span> <span class='ocrx_word' id='word_1_181' title='bbox 881 2591 998 2645; x_wconf 89' lang='lat' dir='ltr'>reddero</span> <span class='ocrx_word' id='word_1_182' title='bbox 1015 2594 1101 2659; x_wconf 82' lang='lat' dir='ltr'>rates,</span> 
     </span>
     <span class='ocr_line' id='line_1_29' title="bbox 392 2667 1081 2738; baseline -0.001 -16"><span class='ocrx_word' id='word_1_183' title='bbox 392 2668 436 2722; x_wconf 85' lang='lat' dir='ltr'>Ac</span> <span class='ocrx_word' id='word_1_184' title='bbox 453 2670 499 2723; x_wconf 78' lang='lat' dir='ltr'>rix</span> <span class='ocrx_word' id='word_1_185' title='bbox 516 2668 650 2738; x_wconf 85' lang='lat' dir='ltr'>suppositi</span> <span class='ocrx_word' id='word_1_186' title='bbox 669 2668 832 2735; x_wconf 87' lang='lat' dir='ltr'>tinguuntur</span> <span class='ocrx_word' id='word_1_187' title='bbox 850 2667 981 2735; x_wconf 81' lang='lat' dir='ltr'>sanguine</span> <span class='ocrx_word' id='word_1_188' title='bbox 998 2667 1081 2721; x_wconf 88' lang='lat' dir='ltr'>cultri</span> 
     </span>
     <span class='ocr_line' id='line_1_30' title="bbox 392 2742 1036 2813; baseline 0 -16"><span class='ocrx_word' id='word_1_189' title='bbox 392 2745 559 2813; x_wconf 76' lang='lat' dir='ltr'>Summaque</span> <span class='ocrx_word' id='word_1_190' title='bbox 576 2743 667 2797; x_wconf 88' lang='lat' dir='ltr'>ieiuna</span> <span class='ocrx_word' id='word_1_191' title='bbox 684 2744 759 2796; x_wconf 86' lang='lat' dir='ltr'>sanie</span> <span class='ocrx_word' id='word_1_192' title='bbox 776 2742 929 2797; x_wconf 88' lang='lat' dir='ltr'>infuscatur</span> <span class='ocrx_word' id='word_1_193' title='bbox 946 2759 1036 2797; x_wconf 82' lang='lat' dir='ltr'>arena</span> 
     </span>
     <span class='ocr_line' id='line_1_31' title="bbox 392 2819 1094 2888; baseline -0.006 -12"><span class='ocrx_word' id='word_1_194' title='bbox 392 2820 466 2876; x_wconf 90' lang='lat' dir='ltr'>Hinc</span> <span class='ocrx_word' id='word_1_195' title='bbox 483 2820 564 2875; x_wconf 83' lang='lat' dir='ltr'>laetis</span> <span class='ocrx_word' id='word_1_196' title='bbox 581 2819 661 2873; x_wconf 88' lang='lat' dir='ltr'>vituli</span> <span class='ocrx_word' id='word_1_197' title='bbox 679 2819 757 2887; x_wconf 83' lang='lat' dir='ltr'>volgo</span> <span class='ocrx_word' id='word_1_198' title='bbox 774 2820 929 2874; x_wconf 89' lang='lat' dir='ltr'>moriuntur</span> <span class='ocrx_word' id='word_1_199' title='bbox 946 2820 975 2872; x_wconf 90' lang='lat' dir='ltr'>in</span> <span class='ocrx_word' id='word_1_200' title='bbox 993 2819 1094 2888; x_wconf 87' lang='lat' dir='ltr'>herbis,</span> 
     </span>
     <span class='ocr_line' id='line_1_32' title="bbox 392 2894 1247 2964; baseline -0.001 -12"><span class='ocrx_word' id='word_1_201' title='bbox 392 2897 430 2952; x_wconf 84' lang='lat' dir='ltr'>Et</span> <span class='ocrx_word' id='word_1_202' title='bbox 448 2897 534 2951; x_wconf 91' lang='lat' dir='ltr'>dulcis</span> <span class='ocrx_word' id='word_1_203' title='bbox 552 2896 656 2950; x_wconf 88' lang='lat' dir='ltr'>animas</span> <span class='ocrx_word' id='word_1_204' title='bbox 674 2895 755 2962; x_wconf 88' lang='lat' dir='ltr'>plena</span> <span class='ocrx_word' id='word_1_205' title='bbox 772 2895 809 2949; x_wconf 91' lang='lat' dir='ltr'>ad</span> <span class='ocrx_word' id='word_1_206' title='bbox 827 2895 969 2964; x_wconf 89' lang='lat' dir='ltr'>praesepia</span> <span class='ocrx_word' id='word_1_207' title='bbox 986 2894 1124 2961; x_wconf 90' lang='lat' dir='ltr'>reddunt;</span> <span class='ocrx_word' id='word_1_208' title='bbox 1211 2912 1247 2951; x_wconf 77' lang='lat' dir='ltr'>sas</span> 
     </span>
     <span class='ocr_line' id='line_1_33' title="bbox 392 2971 1199 3040; baseline -0.002 -12"><span class='ocrx_word' id='word_1_209' title='bbox 392 2974 465 3028; x_wconf 90' lang='lat' dir='ltr'>Hine</span> <span class='ocrx_word' id='word_1_210' title='bbox 482 2972 594 3028; x_wconf 87' lang='lat' dir='ltr'>canibus</span> <span class='ocrx_word' id='word_1_211' title='bbox 612 2972 719 3026; x_wconf 86' lang='lat' dir='ltr'>blandis</span> <span class='ocrx_word' id='word_1_212' title='bbox 736 2971 827 3026; x_wconf 87' lang='lat' dir='ltr'>rabies</span> <span class='ocrx_word' id='word_1_213' title='bbox 844 2972 927 3039; x_wconf 79' lang='lat' dir='ltr'>venit,</span> <span class='ocrx_word' id='word_1_214' title='bbox 945 2974 975 3025; x_wconf 91' lang='lat' dir='ltr'>et</span> <span class='ocrx_word' id='word_1_215' title='bbox 993 2972 1083 3040; x_wconf 90' lang='lat' dir='ltr'>quatit</span> <span class='ocrx_word' id='word_1_216' title='bbox 1100 2987 1199 3040; x_wconf 84' lang='lat' dir='ltr'>aegros</span> 
     </span>
     <span class='ocr_line' id='line_1_34' title="bbox 392 3047 1083 3115; baseline -0.004 -11"><span class='ocrx_word' id='word_1_217' title='bbox 392 3049 485 3104; x_wconf 78' lang='lat' dir='ltr'>Tussis</span> <span class='ocrx_word' id='word_1_218' title='bbox 502 3048 600 3104; x_wconf 89' lang='lat' dir='ltr'>anhela</span> <span class='ocrx_word' id='word_1_219' title='bbox 618 3066 681 3103; x_wconf 89' lang='lat' dir='ltr'>sues</span> <span class='ocrx_word' id='word_1_220' title='bbox 698 3066 730 3103; x_wconf 89' lang='lat' dir='ltr'>ac</span> <span class='ocrx_word' id='word_1_221' title='bbox 746 3048 871 3103; x_wconf 87' lang='lat' dir='ltr'>faucibus</span> <span class='ocrx_word' id='word_1_222' title='bbox 889 3047 967 3115; x_wconf 85' lang='lat' dir='ltr'>angit</span> <span class='ocrx_word' id='word_1_223' title='bbox 984 3047 1083 3101; x_wconf 89' lang='lat' dir='ltr'>obesis.</span> 
     </span>
     <span class='ocr_line' id='line_1_35' title="bbox 391 3123 1167 3193; baseline -0.004 -13"><span class='ocrx_word' id='word_1_224' title='bbox 391 3127 508 3181; x_wconf 84' lang='lat' dir='ltr'>Labitur</span> <span class='ocrx_word' id='word_1_225' title='bbox 524 3126 619 3181; x_wconf 84' lang='lat' dir='ltr'>infelix</span> <span class='ocrx_word' id='word_1_226' title='bbox 637 3125 792 3181; x_wconf 84' lang='lat' dir='ltr'>studiorum</span> <span class='ocrx_word' id='word_1_227' title='bbox 810 3128 896 3193; x_wconf 88' lang='lat' dir='ltr'>atque</span> <span class='ocrx_word' id='word_1_228' title='bbox 912 3125 1047 3177; x_wconf 87' lang='lat' dir='ltr'>inmemor</span> <span class='ocrx_word' id='word_1_229' title='bbox 1064 3123 1167 3177; x_wconf 86' lang='lat' dir='ltr'>herbae</span> 
     </span>
     <span class='ocr_line' id='line_1_36' title="bbox 391 3200 1164 3273; baseline -0.005 -16"><span class='ocrx_word' id='word_1_230' title='bbox 391 3202 490 3257; x_wconf 88' lang='lat' dir='ltr'>Victor</span> <span class='ocrx_word' id='word_1_231' title='bbox 507 3219 595 3273; x_wconf 91' lang='lat' dir='ltr'>equus</span> <span class='ocrx_word' id='word_1_232' title='bbox 612 3202 751 3270; x_wconf 88' lang='lat' dir='ltr'>fontisque</span> <span class='ocrx_word' id='word_1_233' title='bbox 769 3201 905 3256; x_wconf 83' lang='lat' dir='ltr'>avertitur</span> <span class='ocrx_word' id='word_1_234' title='bbox 922 3203 953 3254; x_wconf 92' lang='lat' dir='ltr'>et</span> <span class='ocrx_word' id='word_1_235' title='bbox 969 3200 1042 3268; x_wconf 89' lang='lat' dir='ltr'>pede</span> <span class='ocrx_word' id='word_1_236' title='bbox 1059 3204 1164 3253; x_wconf 82' lang='lat' dir='ltr'>terram</span> 
     </span>
     <span class='ocr_line' id='line_1_37' title="bbox 392 3275 1247 3345; baseline -0.005 -12"><span class='ocrx_word' id='word_1_237' title='bbox 392 3279 495 3333; x_wconf 83' lang='lat' dir='ltr'>Orebra</span> <span class='ocrx_word' id='word_1_238' title='bbox 512 3279 594 3345; x_wconf 87' lang='lat' dir='ltr'>ferit;</span> <span class='ocrx_word' id='word_1_239' title='bbox 612 3278 748 3333; x_wconf 86' lang='lat' dir='ltr'>demissae</span> <span class='ocrx_word' id='word_1_240' title='bbox 765 3294 853 3344; x_wconf 91' lang='lat' dir='ltr'>aures,</span> <span class='ocrx_word' id='word_1_241' title='bbox 871 3278 992 3330; x_wconf 85' lang='lat' dir='ltr'>incertus</span> <span class='ocrx_word' id='word_1_242' title='bbox 1008 3275 1111 3329; x_wconf 92' lang='lat' dir='ltr'>ibidem</span> <span class='ocrx_word' id='word_1_243' title='bbox 1208 3289 1247 3329; x_wconf 78' lang='lat' dir='ltr'>coo</span> 
     </span>
     <span class='ocr_line' id='line_1_38' title="bbox 381 3352 1107 3424; baseline -0.003 -17"><span class='ocrx_word' id='word_1_244' title='bbox 381 3354 486 3423; x_wconf 76' lang='lat' dir='ltr'>Sudor,</span> <span class='ocrx_word' id='word_1_245' title='bbox 505 3359 535 3409; x_wconf 90' lang='lat' dir='ltr'>et</span> <span class='ocrx_word' id='word_1_246' title='bbox 550 3356 599 3410; x_wconf 92' lang='lat' dir='ltr'>ille</span> <span class='ocrx_word' id='word_1_247' title='bbox 617 3354 729 3424; x_wconf 88' lang='lat' dir='ltr'>quidem</span> <span class='ocrx_word' id='word_1_248' title='bbox 746 3353 888 3408; x_wconf 89' lang='lat' dir='ltr'>morituris</span> <span class='ocrx_word' id='word_1_249' title='bbox 904 3352 1027 3421; x_wconf 77' lang='lat' dir='ltr'>frigidus,</span> <span class='ocrx_word' id='word_1_250' title='bbox 1046 3354 1107 3405; x_wconf 87' lang='lat' dir='ltr'>aret</span> 
     </span>
     <span class='ocr_line' id='line_1_39' title="bbox 367 3426 1123 3489; baseline 0 -11"><span class='ocrx_word' id='word_1_251' title='bbox 367 3426 461 3481; x_wconf 73' lang='lat' dir='ltr'>Pollis</span> <span class='ocrx_word' id='word_1_252' title='bbox 477 3433 509 3483; x_wconf 81' lang='lat' dir='ltr'>et</span> <span class='ocrx_word' id='word_1_253' title='bbox 525 3433 567 3486; x_wconf 82' lang='lat' dir='ltr'>ad</span> <span class='ocrx_word' id='word_1_254' title='bbox 584 3437 695 3489; x_wconf 81' lang='lat' dir='ltr'>tactum</span> <span class='ocrx_word' id='word_1_255' title='bbox 715 3431 853 3489; x_wconf 77' lang='lat' dir='ltr'>tractanti</span> <span class='ocrx_word' id='word_1_256' title='bbox 870 3431 944 3485; x_wconf 85' lang='lat' dir='ltr'>dura</span> <span class='ocrx_word' id='word_1_257' title='bbox 957 3427 1074 3482; x_wconf 70' lang='lat' dir='ltr'>resistit</span> <span class='ocrx_word' id='word_1_258' title='bbox 1116 3472 1123 3484; x_wconf 83' lang='grc'><strong>,</strong></span> 
     </span>
     <span class='ocr_line' id='line_1_40' title="bbox 382 3499 1136 3585; baseline 0.013 -32"><span class='ocrx_word' id='word_1_259' title='bbox 382 3500 440 3554; x_wconf 67' lang='lat' dir='ltr'>laec</span> <span class='ocrx_word' id='word_1_260' title='bbox 455 3509 530 3561; x_wconf 83' lang='lat' dir='ltr'>ante</span> <span class='ocrx_word' id='word_1_261' title='bbox 548 3512 675 3568; x_wconf 80' lang='lat' dir='ltr'>exitium</span> <span class='ocrx_word' id='word_1_262' title='bbox 696 3512 805 3585; x_wconf 89' lang='lat' dir='ltr'>primis</span> <span class='ocrx_word' id='word_1_263' title='bbox 822 3511 899 3580; x_wconf 78' lang='lat' dir='ltr'>dant</span> <span class='ocrx_word' id='word_1_264' title='bbox 915 3507 1000 3575; x_wconf 73' lang='lat' dir='ltr'>algua</span> <span class='ocrx_word' id='word_1_265' title='bbox 1015 3499 1136 3559; x_wconf 53' lang='lat' dir='ltr'>ffiebffi&#39;s</span> 
     </span>
    </p>
   </div>
   <div class='ocr_carea' id='block_1_3' title="bbox 346 3576 1091 3672">
    <p class='ocr_par' dir='ltr' id='par_1_3' title="bbox 346 3576 1091 3672">
     <span class='ocr_line' id='line_1_41' title="bbox 346 3576 1091 3672; baseline -0.007 -24"><span class='ocrx_word' id='word_1_266' title='bbox 346 3669 348 3672; x_wconf 22' lang='grc' dir='ltr'>Ι</span> <span class='ocrx_word' id='word_1_267' title='bbox 403 3576 442 3631; x_wconf 68' lang='grc' dir='ltr'>ῘΠ</span> <span class='ocrx_word' id='word_1_268' title='bbox 454 3595 610 3648; x_wconf 77' lang='lat' dir='ltr'>Processu</span> <span class='ocrx_word' id='word_1_269' title='bbox 630 3594 735 3666; x_wconf 84' lang='lat' dir='ltr'>coepit</span> <span class='ocrx_word' id='word_1_270' title='bbox 755 3590 941 3651; x_wconf 87' lang='lat' dir='ltr'>crudescere</span> <span class='ocrx_word' id='word_1_271' title='bbox 957 3578 1091 3637; x_wconf 60' lang='lat' dir='ltr'>1110er</span> 
     </span>
    </p>
   </div>
   <div class='ocr_carea' id='block_1_4' title="bbox 0 0 1626 4159">
    <p class='ocr_par' dir='ltr' id='par_1_4' title="bbox 0 0 1626 4159">
     <span class='ocr_line' id='line_1_42' title="bbox 0 0 1626 4159; baseline 0 0"><span class='ocrx_word' id='word_1_272' title='bbox 0 0 1626 4159; x_wconf 95' lang='lat' dir='ltr'> </span> 
     </span>
    </p>
   </div>
  </div>
 </body>
</html>
