3242 4159
643 528 834 578 BUCOLIOA.
864 528 941 580 lact.
961 529 1006 579 11.·
1239 534 1254 575 3

393 611 464 665 Pars
483 607 621 677 Scythiam
639 612 675 663 et.
685 608 814 677 rapidum
832 608 932 665 Oretae
949 610 1095 674 veniemus¹
1107 609 1211 679 Oaxen,

391 688 430 740 Mt
447 685 636 755 penitustoto
653 685 755 739 divisos
773 685 840 740 orbe
858 686 1013 740 Britannos.
1040 751 1044 758 ¹

393 765 436 816 En
454 776 586 829 umquam
603 762 707 830 patrios
725 761 805 829 longo
822 766 885 830 post
902 765 1028 830 tempore
1045 761 1115 830 fidis,

392 837 529 907 Pauperis
546 840 577 890 et
593 837 688 905 tuguri
706 841 865 904 congestum
882 839 1003 906 caespite
1020 838 1135 906 culmen,

392 917 463 971 Post
480 914 592 983 aliquot,
609 930 672 968 area
688 930 773 981 regna
790 913 894 982 videns,
911 914 1033 968 mirabor
1049 915 1169 970 aristas?
1227 928 1253 969 so

392 991 501 1062 Impius
518 990 587 1044 haec
603 993 662 1044 tam
680 990 753 1044 culta
770 989 878 1043 novalia
894 990 973 1044 miles
992 990 1127 1046 habebit?

391 1069 533 1124 Barbarus
550 1066 601 1121 has
618 1068 746 1135 segetesl
763 1082 806 1134 oa,
824 1083 879 1135 quo
897 1066 1034 1121 discordia
1051 1067 1117 1121 civis

393 1144 530 1200 Produxit
547 1143 677 1198 miseros!
695 1159 737 1211 en,
754 1142 816 1211 quis
833 1142 1002 1197 consevimus
1020 1147 1117 1211 agros!

391 1223 490 1275 Insere
507 1236 585 1288 nunc,
604 1218 746 1286 Meliboee,
763 1219 847 1287 piros,
865 1235 935 1286 pone
952 1219 1048 1273 ordine
1066 1220 1137 1274 vitis.

390 1298 438 1352 Ite
456 1313 541 1364 meae,
559 1295 625 1349 felix
642 1295 779 1363 quondam
797 1310 888 1362 pecus,
906 1294 945 1347 ito
963 1296 1090 1363 capellae.
1224 1309 1250 1350 75

389 1372 456 1426 Non
469 1388 525 1440 ego
542 1388 591 1425 vos
606 1371 728 1439 posthac,
745 1370 828 1425 viridi
844 1371 983 1440 proiectus
1001 1370 1028 1424 in
1047 1374 1134 1440 antra,

384 1449 515 1504 ⁴Dumosa
531 1446 652 1517 pendere
669 1447 763 1516 procul
781 1447 817 1501 de
834 1464 903 1516 rape
921 1447 1038 1513 videb03

389 1524 520 1579 Carmina
536 1524 610 1577 nulla
627 1539 735 1590 canam;
752 1540 814 1593 non,
830 1542 875 1579 ma
893 1527 1029 1593 pascente,
1047 1524 1175 1593 capellae,

391 1602 549 1655 Floreatem
567 1600 682 1668 cytisum
699 1604 728 1654 ct
745 1601 840 1655 salices
857 1600 975 1669 carpetis
993 1617 1106 1654 amaras.

393 1676 424 1730 Τ.
443 1676 498 1730 Hic
509 1680 602 1729 tamma
613 1676 683 1729 hanc
694 1693 800 1729 mecum
811 1680 922 1746 poteras
933 1677 1107 1743 requiescere
1118 1680 1228 1729 noctem

389 1752 503 1806 Fronde
520 1768 603 1821 super
619 1752 718 1806 viridi:
741 1756 805 1806 sunt
818 1752 896 1805 nobis
912 1750 991 1805 mitia
1008 1767 1096 1820 poma,
1224 1768 1248 1805 s1

389 1828 544 1882 Castaneas
560 1827 663 1896 molles,
680 1831 710 1881 et
727 1828 815 1896 pressi
832 1826 910 1897 copia
926 1825 1022 1892 lactis3

387 1904 427 1959 Et
451 1905 507 1959 iam
524 1920 630 1957 summa
646 1904 739 1972 procul
756 1904 881 1958 villarum
898 1903 1017 1958 culmina
1032 1902 1146 1970 fumant,

387 1981 566 2051 Maioresque
582 1980 684 2036 eadunt
701 1980 765 2035 altis
783 1980 974 2035 dementibus
991 1979 1110 2034 umbrae.

694 2209 883 2268 ECLOGA
913 2210 957 2269 112

743 2337 886 2388 ALEXIS.

385 2440 551 2494 Foaaosua
569 2442 664 2509 pastor·
682 2439 807 2509 Corydon
825 2441 941 2494 ardebat
959 2441 1077 2508 Alexim,

386 2516 509 2570 Delicias
527 2515 637 2582 domini,
655 2533 713 2585 nec,
732 2518 799 2586 quid
818 2520 949 2585 speraret,
967 2516 1094 2570 babebat.

385 2594 508 2647 Tantum
525 2592 598 2647 inter
615 2591 721 2658 densas,
739 2592 868 2646 umbrosa
885 2592 1030 2661 cacumina,
1048 2593 1125 2662 fagos

387 2667 517 2723 Adsidue
533 2668 669 2722 veniebat
707 2668 751 2722 Ibi
769 2669 837 2722 haec
854 2669 993 2724 incondita
1010 2670 1083 2724 solus

384 2743 530 2797 Montibus
548 2747 577 2799 et
594 2744 668 2798 silvis
686 2745 779 2798 studio
796 2745 917 2799 iactabat
934 2746 1024 2801 inani:
1232 2761 1245 2800 ⁵

423 2819 449 2873 O
467 2820 585 2874 crudelis
603 2820 694 2889 Alexi,
711 2821 778 2874 nibil
796 2838 858 2874 mea
874 2823 994 2875 carmina
1012 2824 1111 2877 curasl

386 2896 435 2949 Nil
455 2897 540 2950 nostri
557 2898 707 2951 misererel
726 2898 795 2950 mori
813 2914 857 2950 me
877 2897 995 2968 denique
1014 2915 1103 2966 coges.

387 2973 412 3025 N
416 2989 469 3025 uuo
486 2974 570 3028 etiam
587 2973 706 3042 pecudes
723 2973 835 3026 umbras
853 2977 882 3027 ct
899 2973 1001 3042 frigora
1018 2976 1146 3042 captant3

386 3048 412 3102 N
415 3065 468 3102 unc
484 3050 580 3103 viridis
597 3050 680 3103 etiam
698 3050 836 3103 occultant
852 3049 959 3117 spineta
975 3052 1099 3115 lacertos,

385 3125 523 3194 Thestylis
541 3129 570 3180 et
587 3125 683 3193 rapido
701 3125 779 3179 fessis
796 3127 962 3180 messoribus
980 3128 1059 3179 aestu
1219 3136 1244 3176 1o

386 3201 463 3256 Allia
479 3202 681 3271 serpyllumque
698 3201 799 3256 herbas
817 3202 960 3257 contundit
978 3200 1084 3254 olentis.

385 3280 430 3331 At
446 3293 553 3331 mecum
571 3278 667 3344 raucis,
680 3281 729 3331 tua
747 3277 814 3330 dam
830 3276 947 3344 vestigia
964 3277 1059 3344 lustro,

383 3353 451 3409 Sole
465 3353 518 3406 sab
533 3352 645 3407 ardenti
661 3356 794 3411 resonant
811 3352 928 3410 arbusta
944 3350 1054 3408 cicadis.

371 3427 473 3478 Nonne
487 3428 545 3481 'tirit
560 3430 650 3484 satius
670 3433 766 3491 tristis
787 3432 976 3506 Amaryllidis
991 3431 1053 3487 iras

359 3498 602 3584 Aifflwflfllwrba
617 3512 686 3577 pati
704 3514 852 3574 fastidiat
870 3531 973 3573 nonne
987 3508 1166 3576 Menona,
1260 3510 1276 3548 l

351 3568 484 3628 ‘mmm
502 3576 552 3628 ¹7¹⁰
572 3584 670 3660 niger,
692 3597 841 3662 quamvis
861 3608 900 3655 tu
920 3592 1076 3654 candidus
1095 3584 1203 3643 essaei,
