3242 4159
376 540 424 587 310
614 531 644 581 P.
657 530 810 579 VERGILI
827 528 994 579 MABONIS

377 615 466 680 Quem
483 610 566 680 primi
583 610 704 677 colimus,
722 609 766 663 cui
783 609 882 678 pineus
900 608 983 662 ardor
999 623 1103 664 acervo

378 688 512 756 Pascitur,
530 689 560 740 et
577 686 699 740 medimn
717 685 782 739 freti
801 684 906 754 pietate
924 684 1087 753 perignem

378 766 503 820 Cultores
521 762 609 817 multa
626 762 776 831 premimus
795 762 913 829 vestigia
929 778 1026 829 pruna,

377 841 428 907 Da,
448 841 540 907 Pater,
559 838 610 892 hoc
627 838 727 891 nostris
746 836 849 891 aboleri
869 837 989 890 dedecus
1006 838 1100 905 armis,

378 916 568 985 Omnipotens.
592 915 655 967 Non
673 914 784 967 exuvias
801 914 931 984 pulsaeve
948 916 1095 981 tropaeum
1200 928 1233 969 rso

380 992 508 1060 Virginis,
527 996 576 1045 aut
594 991 679 1059 spolia
697 990 752 1044 ulla
769 995 853 1060 peto;
870 990 937 1043 mihi
955 994 1049 1043 cetera
1067 990 1179 1044 laudem

381 1067 465 1121 Facta
481 1068 589 1132 ferent3
606 1066 674 1119 haec
692 1066 753 1119 dira
769 1082 831 1120 meo
849 1066 915 1118 dum
932 1066 1044 1121 voluere
1061 1067 1150 1134 pestis

381 1143 462 1197 Pulsa
479 1142 567 1209 cadat,
585 1142 688 1210 patrias
706 1142 834 1197 remeabo
851 1140 982 1209 inglorius
999 1141 1091 1196 urbes.
1242 1137 1244 1141 ’

379 1218 479 1271 Audiit
497 1221 526 1271 et
544 1218 600 1271 voti
620 1216 748 1271 Phoebus
767 1217 913 1271 succedere
932 1219 1040 1285 partem

379 1293 475 1348 Monte
494 1293 580 1359 dedit,
597 1296 705 1363 partem
724 1293 841 1347 volucris
860 1292 992 1362 dispersit
1010 1292 1040 1345 iu
1058 1309 1156 1347 amas:
1199 1308 1232 1346 tos

380 1369 522 1423 Sterneret
540 1372 572 1421 ut
589 1368 681 1422 subita
698 1368 838 1422 turbatam
855 1372 944 1423 morte
963 1368 1115 1436 Camillam,

380 1443 489 1498 Adnuit
507 1444 610 1510 oranti;
627 1445 696 1497 redu
768 1447 806 1498 ut
822 1445 912 1513 patria
930 1444 986 1497 alte
1005 1445 1125 1512 videret,

380 1520 406 1572 N
409 1537 443 1573 on
461 1521 547 1588 dedit,
565 1521 647 1589 inque
665 1461 855 1575 noffivocem
873 1524 981 1574 vortere
997 1521 1143 1589 procellae.

381 1596 461 1665 Ergo,
479 1601 511 1650 ut
529 1597 611 1649 missa
628 1612 710 1648 manu
728 1597 847 1650 sonitum
866 1596 945 1650 dedit
962 1596 1043 1650 hasta
1060 1614 1113 1667 per
1131 1613 1216 1656 auras.

380 1672 548 1726 Convertere
566 1672 669 1725 animos
686 1672 757 1725 acris
775 1671 922 1740 oculosque
939 1672 1029 1725 tulere
1197 1688 1232 1725 au

381 1747 480 1803 Cuncti
498 1748 534 1802 ad
551 1748 673 1816 reginam
691 1747 792 1802 Volsci.
828 1748 905 1801 Nihil
924 1748 983 1816 ipsa
1000 1764 1053 1801 nec
1070 1764 1156 1803 aurae

381 1824 406 1875 N
408 1841 439 1877 ec
457 1826 562 1879 sonitus
579 1841 684 1878 memor
701 1827 750 1879 aut
766 1824 900 1879 venientis
919 1824 955 1877 ab
972 1823 1086 1878 aethere
1104 1826 1163 1894 teli,

382 1899 471 1954 Hasta
489 1901 540 1954 sub
558 1905 695 1954 exsertam
713 1901 799 1955 donec
816 1901 922 1969 perlata
940 1900 1069 1969 papillam

381 1974 488 2041 Haesit,
506 1978 712 2045 virgineumque
730 1977 785 2029 alte
802 1975 875 2030 bibit
892 1979 953 2029 acta
971 1992 1105 2029 cruorem.

381 2050 690 2119 Concurrunttrepidae
701 2052 824 2119 comites,
838 2052 1028 2121 dominamque
1040 2054 1171 2106 ruentem
1198 2066 1232 2105 sos

381 2125 545 2194 Suscipiunt.
581 2126 665 2194 Fugit
683 2131 747 2180 ante
765 2129 853 2181 omnis
870 2128 1021 2182 exterritus
1042 2129 1162 2197 Arruns,

381 2201 500 2256 Laetitia
518 2202 659 2270 mixtoque
676 2205 760 2269 metu,
778 2220 829 2257 nec
845 2204 899 2257 iam
918 2202 1034 2271 amplius
1052 2204 1150 2258 bastae

380 2277 508 2341 Credere,
527 2295 578 2332 nec
594 2279 659 2332 telis
677 2295 819 2333 occurrere
836 2279 950 2347 virginis
969 2279 1061 2334 audet.

380 2354 424 2407 Ac
442 2353 517 2408 velut
535 2355 589 2423 ille,
608 2355 683 2424 prius
702 2371 783 2424 quam
803 2355 860 2408 tela
877 2355 986 2408 inimica
1004 2358 1164 2424 sequautuu,

380 2429 515 2483 Continuo
533 2430 561 2483 in
579 2432 679 2485 montis
698 2447 757 2484 sese
775 2430 852 2483 avius
870 2430 980 2484 abdidit
997 2431 1067 2485 altos
1198 2444 1233 2485 sm

380 2502 475 2558 Occiso
493 2510 604 2573 pastore
622 2507 702 2576 lupus
718 2523 852 2574 magnove
870 2506 990 2571 iuvenco,

379 2578 510 2633 Conscius
528 2582 638 2635 audacis
656 2583 728 2651 facti,
747 2581 917 2650 caudamque
935 2581 1088 2635 remulcens

379 2653 500 2708 Subieeit
513 2657 686 2723 pavitantem
704 2662 791 2723 utero,
810 2657 946 2726 silvasque
963 2656 1077 2725 petivit:

379 2727 464 2781 Haud
482 2747 559 2782 secus
578 2747 612 2784 ex
631 2734 715 2786 oculis
733 2750 762 2786 se
781 2732 908 2787 turbidus
927 2732 1042 2786 abstulit
1060 2733 1180 2801 Arruns,

379 2803 586 2872 Contentusque
604 2806 669 2874 fuga
687 2808 785 2860 mediis
803 2825 833 2861 se
851 2807 989 2862 inmiscuit
1006 2808 1099 2863 armis.
1198 2825 1234 2863 sis

378 2878 431 2932 Illa
449 2896 531 2933 manu
550 2882 668 2935 moriens
686 2882 773 2936 telum
791 2884 891 2949 trahit3
909 2901 970 2937 ossa
988 2883 1038 2937 sed
1055 2884 1130 2939 inter

378 2954 496 3010 Ferreus
515 2956 552 3010 ad
569 2962 657 3012 costas
676 2958 731 3013 alto
751 2962 807 3012 stat
825 2960 936 3014 volnere
954 2976 1055 3013 mucro.

377 3029 494 3085 Labitur
512 3035 674 3103 exsanguis;
691 3034 823 3088 labuntur
840 3035 942 3103 frigida
959 3035 1015 3089 leto

376 3104 509 3174 Lumina;
526 3126 679 3177 purpureus
698 3110 834 3179 quondam
852 3111 926 3164 color
944 3127 993 3164 ora
1010 3110 1130 3178 reliquit

376 3178 444 3234 Tum
463 3183 502 3236 sic
520 3185 662 3253 exspirans
680 3187 790 3253 Accam,
809 3202 845 3239 ex
862 3186 1024 3254 aequalibus
1040 3202 1132 3255 unam,
1198 3204 1234 3243 sao

375 3255 563 3326 Adloquitur;
583 3262 639 3315 fida
657 3266 721 3317 ante
739 3262 806 3315 alias
825 3278 895 3331 quae
914 3262 971 3315 sola
990 3262 1129 3333 Camillae,

375 3329 491 3393 Quicum
509 3337 607 3402 partiri
625 3355 719 3402 ouras;
738 3342 822 3406 atque
839 3338 907 3391 haec
925 3338 965 3391 ita
983 3338 1076 3394 fatur:

367 3402 522 3481 Hactenus,
542 3411 619 3469 Acca
637 3431 724 3483 soror,
740 3413 841 3484 potui,
855 3427 930 3464 nuuc
944 3412 1044 3463 numus
1058 3414 1191 3467 ararim

355 3480 481 3561 Conficit,
505 3494 537 3549 et
555 3494 689 3551 tenebris
707 3489 877 3562 nigrescunt
894 3483 1119 3566 omniane‘neum.

343 3553 446 3644 ptimo
463 3572 500 3627 or
519 3571 598 3632 baec
620 3574 724 3635 Turno
740 3563 888 3624 manases
902 3568 1060 3611 nennius
1072 3553 1190 3615 pensu
1231 3566 1272 3600 ss
