3242 4159
366 533 413 579 216
509 572 513 579 ,
594 525 625 576 Ρ.
643 521 797 573 VERGILI
814 521 982 571 MABONIS

367 609 472 675 Evolat,
490 609 519 661 et
536 610 630 661 natam
647 605 782 659 frondosis
799 602 937 657 montibus
953 602 1042 674 abdit,

369 686 429 750 Quo
446 683 596 738 thalamum
615 683 714 752 eripiat
730 679 842 734 Teucris
860 679 1012 749 taedasque
1030 683 1165 752 moretur,

369 762 445 815 Iluoe
463 759 577 826 Bacche,
595 760 722 824 fremens,
740 757 876 810 solumte
894 756 1001 825 virgine
1019 757 1136 825 dignum

370 837 542 890 Vociferans:
561 836 662 888 etenim
680 833 769 886 mollis
786 832 839 886 tibi
857 848 965 886 sumere
984 830 1102 902 thyrsos,
1188 848 1221 889 set

370 912 409 966 'le
426 912 544 966 lustrare
562 911 650 976 choro,
668 925 775 963 sacrum
793 908 844 962 tibi
862 924 974 978 pascere
990 908 1102 964 crinem.

371 988 457 1043 Fama
473 987 553 1054 volat,
572 985 706 1055 furiisque
723 993 849 1038 accensas
866 987 979 1053 pectore
995 988 1100 1041 matres

372 1064 452 1119 Idem
470 1063 557 1116 omnis
575 1062 654 1114 simul
672 1061 755 1115 ardor
773 1062 837 1129 agit,
853 1077 924 1114 nova
941 1077 1076 1130 quaerere
1092 1064 1175 1117 taeta

371 1140 525 1194 Deseruere
544 1138 647 1205 domos,
666 1139 755 1191 ventis
774 1137 843 1190 dant
861 1137 930 1192 cella
946 1152 1110 1207 comasque;

373 1217 428 1270 Ast
445 1215 514 1268 aliae
531 1214 655 1268 tremulis
672 1214 821 1267 ululatibus
839 1214 954 1267 aethera
970 1214 1106 1282 conplent,
1191 1229 1224 1268 aa

373 1291 591 1361 Pampineasque
608 1293 708 1360 gerimt
725 1290 859 1343 incinctae
876 1288 993 1358 pellibus
1010 1288 1113 1344 hastas.

374 1366 439 1437 Ipsa
455 1368 529 1421 intcr
545 1367 648 1421 medias
666 1367 827 1435 flagrantem
844 1365 950 1419 fervida
966 1365 1063 1435 pinum

374 1443 505 1511 Sustinet,
523 1460 555 1497 ac
572 1446 652 1496 natae
671 1442 808 1510 Turnique
826 1441 899 1495 canit
915 1441 1088 1510 hymenaeos,

374 1520 555 1588 Sanguineam
573 1522 704 1587 torquens
721 1518 816 1585 aciem,
834 1521 998 1586 torvumque
1014 1519 1134 1586 repente

375 1595 495 1649 Clamat:
514 1594 546 1647 Io
563 1598 672 1661 matres,
691 1594 793 1660 audite,
812 1594 859 1647 ubi
877 1610 1011 1662 quaeque,
1029 1593 1160 1648 Latinae:
1194 1606 1229 1645 sto

374 1671 404 1724 Si
421 1688 476 1740 qua
492 1670 545 1738 piis
562 1670 658 1723 animis
676 1672 769 1723 manet
786 1669 902 1723 infelicis
920 1672 1040 1723 Amatae

375 1746 478 1814 Gratia,
497 1746 520 1799 si
537 1746 604 1799 iuris
623 1745 740 1799 materni
758 1762 824 1800 cura
842 1745 988 1813 remordet,

375 1821 478 1875 Solvite
496 1822 604 1876 crinalis
622 1822 712 1890 vittas,
732 1822 822 1891 capite
841 1821 916 1889 orgia
932 1838 1047 1875 mecum.

375 1896 468 1950 Talem
486 1898 559 1951 inter
577 1898 664 1966 silvas,
681 1898 754 1951 inter
773 1898 885 1951 deserta
901 1898 1028 1961 ferarum,

376 1971 511 2039 Reginam
530 1974 640 2027 Allecto
659 1974 776 2027 stimulis
794 1975 853 2041 agit
872 1972 993 2041 undique
1011 1973 1122 2028 Bacchi.
1195 1988 1233 2027 4⁰⁵

412 2047 561 2116 Postquam
579 2050 637 2101 visa
655 2050 721 2101 satis
739 2050 842 2118 primos
862 2047 966 2102 acuisse
983 2049 1099 2117 firrores,

377 2124 579 2190 Consiliumque
596 2140 757 2192 omnemque
776 2124 888 2178 domum
905 2125 1020 2178 vertisse
1039 2124 1141 2194 Latini,

377 2199 505 2253 Protinus
522 2198 585 2252 hinc
603 2200 685 2252 fuscis
704 2200 792 2253 tristis
810 2200 863 2254 dea
881 2201 988 2254 tollitur
1004 2199 1056 2253 alis

378 2274 499 2331 Audacis
517 2274 614 2328 Rutuli
632 2276 668 2328 ad
686 2293 785 2344 muros,
804 2294 887 2345 quam
905 2276 1009 2331 dicitur
1021 2275 1122 2331 urbem

378 2352 544 2408 Acrisioneis
563 2352 657 2406 Danae
674 2353 803 2406 fundasse
821 2353 948 2420 colonis,¹
1200 2366 1235 2407 41⁰

378 2428 525 2499 Praecipiti
542 2429 635 2483 delata
652 2430 677 2483 N
680 2433 734 2484 oto.
771 2430 859 2483 Locus
878 2429 972 2483 Ardea
981 2429 1129 2498 quondam

377 2506 474 2560 Dictus
491 2505 564 2571 avis;
582 2510 611 2560 et
628 2524 700 2559 nunc
717 2522 845 2573 magnum
863 2508 941 2559 tenet
959 2504 1055 2559 Ardea
1071 2522 1189 2574 nomen3

378 2582 434 2636 Sed
453 2583 575 2635 Fortuna
593 2583 652 2636 fuit.
689 2584 778 2636 Tectis
795 2582 840 2635 hic
858 2582 965 2634 Turnus
982 2581 1010 2634 in
1028 2581 1092 2636 altis

379 2658 440 2711 Iam
456 2657 574 2712 mediam
592 2658 670 2724 nigra
688 2658 818 2727 carpebat
835 2653 914 2711 noete
932 2658 1062 2726 quietem.

381 2734 488 2786 Allecto
506 2735 611 2785 torvam
629 2733 724 2786 faciem
743 2738 771 2787 ct
789 2734 895 2787 furialia
912 2731 1036 2786 membra
1204 2751 1237 2789 415

379 2808 478 2873 Exuit3
495 2807 523 2859 in
541 2807 631 2860 voltus
650 2825 709 2861 sese
729 2811 906 2863 transformat
924 2808 1003 2861 anilis

380 2884 417 2950 Et
434 2884 553 2936 frontem
572 2882 715 2936 obscenam
735 2885 810 2953 rugis
830 2888 906 2951 arat;
923 2885 1013 2939 induit
1031 2886 1108 2941 albos

381 2960 449 3014 (lum
467 2959 537 3014 vitta
554 2960 649 3025 crinis,
668 2963 727 3028 tum
746 2978 854 3015 ramum
871 2961 986 3015 innectit
1004 2962 1105 3029 olivae3

381 3035 427 3091 Fit
445 3036 545 3105 Calybe
564 3036 674 3090 Iunonis
693 3054 759 3090 anus
778 3038 930 3108 templique
950 3038 1092 3092 sacerdos:

381 3112 418 3165 Et
435 3113 525 3167 iuveni
542 3116 607 3167 ante
625 3114 716 3168 oculos
733 3114 775 3168 his
794 3131 824 3167 se
842 3131 903 3167 cum
921 3113 1033 3167 vocibus
1050 3114 1146 3169 offert:
1204 3127 1239 3163 sm

381 3189 478 3256 Turne,
497 3192 540 3242 tot
557 3190 690 3243 incassum
709 3191 783 3244 fusos
800 3191 907 3259 patiere
926 3190 1042 3259 labores,

382 3264 420 3319 Et
437 3269 486 3318 tua
505 3265 651 3320 Dardaniis
668 3266 814 3320 transcribi
832 3270 940 3335 sceptra
958 3266 1075 3321 colonis?

382 3338 444 3393 Rex
460 3340 513 3394 tibi
531 3343 684 3410 coniugium
702 3346 731 3395 et
748 3341 886 3411 quaesitas
904 3343 1034 3410 sanguine
1052 3342 1134 3398 dotes

378 3416 517 3485 Abnegat,
538 3421 725 3489 extamusquo
742 3418 773 3472 in
788 3434 909 3487 regnum
926 3419 1066 3484 quaeritur
1080 3418 1177 3471 neres

361 3489 386 3544 Ι
395 3508 476 3561 nune
496 3495 621 3569 ingratis
638 3498 712 3555 offer
730 3501 774 3565 te,
791 3494 889 3558 inrisa,
902 3491 1020 3561 periclis
1028 3510 1039 3551 ·,
1057 3558 1064 3570 ἢ
1223 3500 1262 3537 us

339 3563 522 3692 patenas,
539 3579 559 3650 i,
581 3581 690 3637 sterne
708 3576 807 3641 acies,
822 3575 896 3637 tage
910 3578 987 3636 iffi
999 3562 1133 3615 mm*
