3242 4159
392 530 423 573 48
617 524 648 571 P.
670 521 820 570 VERGILI
837 522 1002 573 MARONIS

393 609 527 663 Versibus
544 608 687 676 incomptis
705 607 804 662 ludunt
824 610 935 677 risuque
953 610 1050 677 soluto,

393 685 503 753 Oraque
520 684 667 738 corticibus
686 689 796 739 sumunt
814 686 950 740 horrenda
967 687 1076 757 cavatis,

394 762 431 815 ln
449 766 485 826 te,
504 761 618 826 Bacche,
636 765 734 814 vocant
752 779 802 830 per
821 762 941 815 carmina
959 763 1039 832 laeta,
1057 764 1166 833 tibique
1269 806 1271 811 -

396 837 496 890 Oscilla
515 854 549 890 ex
567 837 622 889 alta
641 838 812 905 suspendunt
829 837 921 889 mollia
938 839 1010 906 pinu

395 913 466 967 Hinc
488 914 574 967 omnis
593 914 668 981 largo
686 912 811 982 pubescit
828 914 908 966 vinea
924 914 991 982 fetu,
1213 930 1248 971 ssu

394 988 562 1057 Conplentur
581 989 721 1057 vallesque
740 1005 822 1042 cavae
841 989 980 1057 saltusque
998 992 1135 1060 profundi,

395 1064 431 1118 Et
450 1080 621 1132 quocumque
640 1065 709 1118 deus
727 1065 829 1118 circum
847 1068 929 1133 <aput
946 1068 1004 1132 egit
1021 1066 1172 1122 honestum.

395 1140 468 1208 Ergo
486 1142 538 1193 rite
557 1157 635 1193 suum
654 1140 760 1194 Baccho
778 1140 901 1193 dicemus
918 1140 1046 1194 honorem

395 1215 567 1269 Carminibus
584 1216 681 1284 patriis
699 1216 846 1284 lancesque
863 1220 892 1269 et
909 1216 965 1269 liba
982 1217 1107 1284 feremus,

396 1290 433 1343 Et
451 1290 550 1345 ductus
567 1308 651 1345 cornu
669 1291 754 1345 stabit
772 1308 849 1344 sacer
865 1291 955 1345 hircus
971 1293 1008 1345 ad
1025 1308 1108 1360 aram,
1213 1308 1249 1347 aas

395 1365 565 1435 Pinguiaque
583 1367 612 1419 in
629 1367 739 1420 veribus
756 1366 922 1420 torrebimus
941 1372 1005 1421 exta
1021 1368 1145 1421 colurnio.

430 1442 481 1495 usn
498 1443 580 1495 etiam
598 1443 644 1496 ille
662 1442 739 1496 labor
756 1442 883 1495 curandis
900 1442 1003 1497 vitibus
1019 1444 1098 1511 alter,
1131 1467 1133 1471 ¹

396 1517 447 1570 Cui
464 1534 611 1584 numquam
629 1517 754 1571 exhausti
773 1518 841 1570 satis
859 1521 919 1572 est:
937 1535 1056 1587 namque
1078 1536 1158 1573 omne
1180 1528 1250 1589 quot

464 1609 540 1645 anms

395 1668 502 1736 Terque
515 1672 668 1737 quaterque
681 1668 767 1721 solum
779 1668 967 1737 scindendum,
979 1671 1132 1739 glaebaque
1144 1673 1233 1726 versis

396 1747 550 1798 Aeternum
567 1745 718 1812 frangenda
735 1744 910 1810 bidentibus;
928 1762 1007 1799 omne
1024 1747 1170 1801 levandum
1206 1764 1245 1801 sno

396 1820 506 1874 Fronde
524 1838 627 1875 nemus.
665 1820 751 1874 Redit
768 1820 894 1887 agricolis
912 1822 989 1874 labor
1005 1826 1083 1875 actus
1099 1823 1129 1875 in
1146 1823 1250 1889 orbem,

396 1898 492 1966 Atque
509 1897 537 1950 in
557 1915 586 1951 sc
604 1915 653 1951 sua
669 1914 719 1965 per
736 1896 854 1963 vestigia
871 1898 988 1951 volvitur
1005 1914 1100 1953 annus.

397 1973 440 2025 Ac
458 1972 512 2025 iam
531 1973 595 2025 olim
613 1990 688 2026 seras
706 1973 797 2040 posuit
815 1989 877 2026 cum
895 1972 974 2026 vinea
990 1974 1102 2027 frondes

396 2046 525 2115 Frigidus
543 2052 572 2101 et
589 2049 662 2101 silvis
681 2048 772 2116 aquilo
791 2048 911 2101 decussit
928 2049 1065 2116 honorem,

397 2122 458 2176 Iam
470 2126 529 2176 turn
541 2139 603 2177 acer
615 2140 694 2177 curas
706 2123 861 2176 venientem
873 2124 999 2178 extendit
1011 2125 1039 2177 iu
1051 2142 1152 2180 annum
1208 2140 1246 2181 sut

397 2198 535 2265 Rusticus,
554 2202 583 2252 et
601 2215 683 2252 curvo
702 2199 813 2252 Saturni
832 2200 916 2253 dente
935 2201 1056 2254 relictam

397 2273 576 2341 Persequitur
593 2274 678 2328 vitem
696 2274 842 2328 attondens
860 2276 994 2344 fingitque
1011 2277 1141 2345 putando.

396 2350 505 2404 Primus
522 2350 635 2404 humum
653 2351 747 2420 fodito,
765 2351 870 2419 primus
888 2352 1002 2406 devecta
1018 2358 1138 2407 cremato

397 2427 548 2496 Sarmenta
566 2431 595 2482 ct
613 2427 697 2481 vallos
715 2427 818 2495 primus
837 2427 887 2480 sub
905 2431 980 2481 tecta
997 2428 1115 2494 referto3

398 2503 555 2558 Postremus
573 2504 676 2558 metito.
713 2504 761 2558 Bis
779 2502 881 2557 vitibus
900 2504 1002 2571 ingruit
1019 2504 1131 2569 umbra;
1214 2520 1252 2559 410

397 2570 446 2632 Bis
464 2582 585 2646 segetem
604 2579 694 2634 densis
712 2579 853 2632 obducunt
871 2578 994 2632 sentibus
1010 2579 1127 2645 herbae3

398 2653 489 2707 Durus
507 2658 624 2722 uterquc
643 2656 732 2707 labor:
750 2654 861 2708 laudato
879 2656 1000 2723 ingentia
1018 2672 1089 2724 rura,

398 2729 535 2796 Exiguum
554 2730 642 2783 colito.
678 2730 737 2782 Nec
755 2746 809 2782 non
828 2732 911 2784 etiam
929 2747 1026 2800 aspera
1043 2731 1115 2785 rusci

398 2804 509 2857 Vimina
525 2820 575 2871 per
594 2805 696 2872 silvam,
715 2808 745 2859 et
763 2805 829 2873 ripis
847 2806 960 2859 fluvialis
977 2806 1082 2859 arundo
1183 2815 1190 2835 ·

399 2880 537 2948 (laeditur,
556 2880 706 2949 incultique
724 2886 835 2937 exercet
852 2899 917 2936 eura
934 2883 1029 2936 salicti.
1216 2898 1253 2939 ⁴1⁵

399 2956 458 3010 Iam
477 2955 584 3009 vinctae
603 2957 679 3024 vites,
697 2958 752 3010 iam
769 2958 866 3011 falcem
884 2958 998 3012 arbusta
1015 2961 1159 3026 reponunt,

399 3032 459 3086 Iam
477 3033 549 3086 canit
567 3034 677 3088 effectos
696 3038 835 3088 extremus
853 3035 955 3087 vinitor
972 3039 1064 3087 autes:
1129 3088 1133 3095 ,
1185 3102 1189 3109 .

399 3109 574 3163 Sollicitanda
593 3112 684 3163 tamen
702 3110 792 3174 tellus,
811 3110 955 3178 pulvisque
973 3109 1130 3177 movendus,

398 3183 506 3239 Etiam
524 3186 639 3239 maturis
658 3185 823 3239 metuendus
842 3186 969 3254 Iuppiter
987 3186 1055 3239 uvis.

434 3261 536 3315 Contra
553 3279 608 3316 nou
625 3261 681 3315 ulla
698 3264 741 3315 est
758 3262 825 3315 oleis
844 3263 966 3328 cultura;
983 3279 1072 3330 neque
1089 3263 1152 3315 illae
1218 3278 1256 3316 mo

399 3336 563 3392 Procurvam
582 3340 743 3405 exspectant
760 3338 857 3391 falcem
874 3341 1032 3407 rastrosque
1050 3339 1159 3407 tenacis,

393 3412 461 3464 Cum
479 3414 567 3469 semel
584 3415 737 3469 haeserunt
754 3414 830 3469 arvis
847 3430 985 3481 auumque
998 3414 1143 3476 aderunt,

375 3484 446 3553 Im
464 3490 537 3543 satis
558 3493 655 3562 tellus,
674 3492 849 3566 cantianae
864 3488 1022 3543 recluditur
1039 3501 1124 3547 uncos

359 3557 480 3617 Sufficit
496 3564 658 3625 numerem
677 3576 711 3627 et
731 3569 871 3639 gravidas
889 3582 957 3619 eum
972 3572 1094 3613 vomere
1107 3556 1227 3615 imam
