3242 4159
375 540 424 590 286
630 533 661 584 Ρ,
679 533 837 585 VERGILI
856 532 1027 583 MARONIS

376 618 520 686 Messapus
538 614 718 685 Cloniumque
736 614 957 684 Lycaoniumque
975 613 1113 681 Ilrieeten,
1131 646 1133 650 ν

377 694 460 747 Illum
477 693 591 746 infrenis
608 692 672 760 equi
690 692 769 761 lapsu
786 691 885 745 tellure
902 690 1045 756 iacentem,
1194 701 1228 746 tm

377 770 460 823 Hunc
477 769 601 838 peditem
619 768 712 837 pedes.
748 766 786 820 Et
804 765 903 835 Lycius
919 768 1093 834 processerat
1112 764 1183 833 Agis
1189 786 1196 833 ;

377 844 465 909 Quem
483 848 576 899 tamen
593 844 668 897 haud
685 859 784 911 expers
805 842 920 895 Valerus
937 842 1049 895 virtutis
1066 841 1160 895 avitae

376 920 494 985 Deiicit;
512 925 542 973 at
560 920 709 972 Thronium
728 918 824 984 Salius,
843 918 1001 986 Saliumque
1019 916 1152 984 Nealoea'

376 996 497 1064 Insignis
515 996 602 1049 iaculo
621 998 650 1048 et
667 995 749 1062 longe
766 993 880 1047 fallente
898 993 1006 1061 sagitta

412 1072 471 1125 lam
489 1072 582 1140 gravis
600 1069 737 1137 aequabat
755 1070 846 1123 luctus
863 1072 893 1123 et
909 1073 1007 1122 mutua
1024 1067 1141 1137 Mavors
1196 1080 1228 1123 ut

376 1145 499 1212 Funera;
516 1146 669 1200 caedebant
686 1146 790 1214 pariter
807 1146 966 1214 pariterque
983 1144 1104 1198 ruebant

375 1226 503 1281 Victores
520 1228 656 1296 victique;
673 1244 764 1295 neque
781 1226 825 1280 his
841 1226 907 1293 fuga
923 1229 997 1293 nota,
1014 1242 1106 1293 neque
1123 1224 1184 1279 illis

376 1303 412 1355 Di
432 1303 505 1357 Ioids
522 1303 550 1357 in
569 1304 651 1357 tectis
669 1303 739 1357 iram
756 1302 923 1356 miserantur
940 1301 1049 1355 inanem

377 1379 537 1446 Amborum‚
557 1383 585 1433 et
603 1382 695 1433 tantos
713 1377 874 1432 mortalibus
891 1394 951 1431 esse
968 1377 1093 1444 labores3

377 1454 450 1509 Hine
468 1456 570 1520 Venus,
589 1455 652 1508 hinc
669 1458 763 1508 contra
781 1456 888 1522 spectat
906 1453 1035 1507 Saturnia
1054 1453 1133 1510 Iuno.
1194 1469 1229 1512 um

378 1531 485 1584 Pallida
503 1531 649 1598 Tisiphone
666 1530 758 1583 media
775 1529 849 1582 inter
866 1528 942 1582 milia
960 1529 1056 1582 saevit.

378 1607 419 1659 At
437 1623 501 1659 vero
519 1607 658 1673 ingentem
678 1605 807 1674 quatiens
826 1604 981 1658 Mezentius
998 1604 1110 1660 hastam

377 1681 514 1735 Turbidus
531 1682 689 1750 ingreditur
706 1697 807 1749 campo.
845 1680 933 1745 Quam
950 1696 1067 1748 magnus
1086 1682 1179 1751 Orion,

378 1758 447 1811 Cum
464 1759 549 1827 pedes
567 1758 671 1812 incedit
688 1757 772 1811 medii
791 1774 843 1826 per
859 1772 988 1809 maxuma
1005 1756 1092 1810 Nerei

378 1834 481 1903 Stagna
497 1835 569 1889 viam
587 1834 720 1902 scindens,
738 1833 852 1886 humero
869 1835 1055 1901 supereminet
1072 1835 1170 1901 undas,
1181 1830 1183 1834 ’
1194 1850 1230 1892 aaa

379 1912 445 1978 Aut,
465 1912 577 1964 summis
594 1912 716 1965 referens
733 1925 862 1963 annosam
880 1907 1018 1961 montibus
1036 1925 1145 1979 ornum,

380 1986 593 2054 ingrediturque
611 1985 668 2039 solo
685 1989 715 2039 et
732 1988 815 2052 caput
832 1984 905 2037 inter
922 1983 1016 2037 nubila
1033 1986 1142 2044 condit:

378 2061 449 2113 Talis
466 2077 496 2113 se
513 2062 597 2113 vastis
615 2061 698 2114 infert
716 2060 870 2113 Mezentius
887 2059 977 2112 armis

378 2135 450 2188 Huic
468 2138 563 2187 contra
581 2136 697 2201 Aeneas,
717 2136 873 2203 speculatus
890 2135 919 2188 in
937 2135 1045 2202 agmine
1063 2136 1153 2206 longo,

377 2210 480 2264 Obvius
498 2210 539 2263 ire
557 2213 643 2278 parat.
679 2210 775 2265 Manet
792 2212 986 2279 inperterritus
1003 2211 1057 2279 ille,
1193 2227 1229 2270 πο

378 2287 494 2341 Hostem
511 2287 712 2355 magnanimum
729 2288 883 2355 opperiens,
901 2291 931 2340 et
947 2286 1019 2341 mole
1037 2304 1087 2341 sua
1105 2292 1178 2356 stat;

377 2364 471 2432 Atque
483 2363 567 2416 oculis
578 2360 699 2430 spatium
711 2378 845 2430 emensus,
858 2366 992 2430 quantum
1004 2364 1072 2417 satis
1083 2363 1201 2422 hastae:

376 2439 483 2493 Dextra
499 2439 566 2492 mihi
585 2439 653 2492 deus
671 2442 700 2491 et
717 2437 812 2505 telum,
831 2438 906 2507 quod
924 2438 1026 2492 missile
1044 2438 1125 2509 libro,

376 2515 402 2567 N
405 2532 456 2568 unc
475 2515 579 2569 adsint!
600 2516 693 2569 Voveo
711 2514 858 2583 praedonis
876 2529 989 2581 corpore
1007 2514 1094 2582 raptis

377 2590 508 2644 Indutum
526 2590 620 2659 spoliis
637 2590 727 2658 ipsum
745 2593 782 2656 te,
801 2589 900 2655 Lause,
917 2593 1063 2657 tropaeum
1192 2605 1229 2647 77⁵

377 2668 498 2721 Aeneae.
534 2666 619 2732 Dixit,
637 2665 855 2733 stridentemque
872 2665 977 2718 eminus
994 2664 1101 2719 hastam

376 2741 464 2804 leoit;
480 2745 509 2794 at
527 2741 573 2793 illa
590 2741 683 2794 volans
700 2741 786 2808 clipeo
805 2745 848 2795 est
866 2757 987 2805 excussa,
1005 2742 1157 2812 proculque

375 2816 524 2885 Egregium
544 2817 668 2869 Antoren
686 2815 758 2868 latus
776 2817 849 2869 inter
866 2820 896 2870 et
911 2816 959 2870 ilia
976 2817 1045 2885 figit,

376 2892 504 2947 Herculis
524 2893 648 2945 Antoren
666 2890 801 2955 comitem,
820 2892 868 2959 qui
886 2892 985 2945 missus
1002 2891 1038 2945 ab
1056 2894 1143 2962 Argis

376 2970 513 3023 Haeserat
532 2967 666 3029 Eluandra
684 2971 768 3035 atque
787 2967 861 3021 Itala
877 2968 1039 3022 consederat
1056 2969 1135 3039 urbe,
1193 2985 1230 3027 rso

376 3045 515 3099 Sternitur
532 3045 626 3098 infelix
645 3043 732 3097 alieno
745 3043 863 3111 volnere,
882 3044 1042 3111 caelumque

376 3121 491 3189 Aspicit,
504 3124 533 3175 et
551 3121 638 3174 dulcis
655 3119 774 3173 moriens
791 3120 977 3174 reminiscitur
996 3122 1094 3188 Argoa.

375 3195 443 3249 Tum
461 3197 522 3264 pius
541 3199 650 3250 Aeneas
668 3195 775 3249 hastam
793 3194 874 3261 iacit3
891 3195 938 3249 illa
954 3212 1004 3263 per
1021 3194 1116 3251 orbem

375 3273 450 3324 Aere
468 3288 564 3325 cavum
582 3272 692 3342 triplici,
709 3288 760 3341 per
777 3272 850 3325 linea
867 3275 953 3340 terga,
972 3272 1118 3341 tribusque

375 3346 493 3402 Transiit
508 3349 647 3402 intextum
664 3348 751 3402 tauris
769 3366 844 3417 opus,
862 3348 971 3418 imaque
990 3349 1062 3402 sedit
1193 3366 1231 3408 aas

359 3422 483 3493 Inguina
488 3450 499 3496 ,·
518 3428 570 3485 sed
590 3427 659 3485 viris
676 3426 755 3482 lmud
771 3424 898 3495 pertulit.
932 3424 1017 3476 uetus
1031 3442 1127 3479 ensem

343 3501 471 3575 Aeneas
496 3509 558 3564 viso
581 3503 728 3580 Tyrrheni
745 3502 886 3571 sanguiue
899 3499 1004 3559 laetus,

341 3574 436 3700 pipit
452 3601 472 3640 a
491 3587 622 3659 femine,
641 3590 675 3645 et
695 3578 868 3656 trepidanti
882 3571 1015 3628 tarsidus
1026 3568 1128 3616 instat
