3242 4159
380 533 430 580 ⁸232
629 526 660 575 P.
679 523 835 573 VERGILI
853 524 1020 577 MARONIS

381 610 489 665 Servati
505 606 619 661 facimus
636 606 804 674 meritosque
823 623 957 662 novamus
974 608 1102 665 honores

383 689 444 742 Iam
461 686 580 755 primunr
598 684 670 737 saxis
689 698 848 750 suspensam
866 682 935 738 hanc
954 686 1045 754 aspice
1065 704 1174 759 rupem,
1206 681 1238 743 iso

382 764 521 818 Disiectae
538 760 632 829 procul
649 762 682 813 ut
698 759 790 824 moles,
810 760 977 829 desertaque
996 765 1100 818 montis

382 841 445 895 seat
462 840 567 906 domus,
586 840 615 890 et
633 835 735 904 scopuli
753 834 894 904 ingentem
913 840 1025 893 traxere
1042 839 1161 900 ruinam.

383 918 438 971 Hic
455 918 582 986 spelunca
598 915 658 982 fuit,
676 916 754 967 vasto
772 911 900 967 submota
917 929 1035 984 recessu,

383 993 570 1048 semihominis
589 990 654 1044 (iaci
671 990 754 1043 facies
773 1006 854 1059 quam
874 989 936 1043 dira
953 991 1077 1061 tenebat,

383 1070 454 1123 Solis
470 1070 634 1122 inaccessam
652 1066 753 1131 radiis3
773 1083 935 1135 semperque
953 1067 1059 1122 recenti
1204 1086 1241 1126 ,ιω

384 1145 475 1199 Caede
492 1145 606 1214 tepebat
624 1143 729 1209 humus,
748 1142 906 1211 foribusque
924 1142 1017 1197 adfixa
1034 1144 1163 1215 superbis

384 1221 440 1275 Ora
457 1221 546 1274 virum
563 1220 637 1274 tristi
655 1218 815 1289 pendebant
834 1218 937 1287 pallida
955 1219 1028 1275 tabo.

384 1297 457 1352 Huic
474 1301 596 1351 monstro
617 1295 752 1349 Volcanus
770 1296 832 1347 erat
849 1298 948 1362 pater:
967 1295 1040 1350 illius
1057 1300 1136 1354 atros

384 1373 441 1428 Ore
458 1390 568 1428 vomens
585 1373 657 1441 ignis
674 1387 774 1439 magna
792 1386 822 1423 se
840 1371 912 1424 mole
931 1370 1047 1427 ferebat.
1252 1402 1255 1409 n

384 1450 491 1504 Attulit
503 1453 538 1503 et
555 1449 634 1503 nobis
652 1447 797 1516 aliquando
816 1446 974 1515 optantibus
991 1452 1070 1502 aetas
1208 1466 1242 1508 aaa

385 1526 526 1579 Auxilium
544 1525 746 1592 adventumque
765 1522 817 1575 dei.
857 1522 927 1575 Nam
945 1539 1090 1579 maxumus
1108 1526 1193 1596 ultor,

383 1601 538 1669 Tergemini
556 1616 622 1653 nece
641 1600 780 1668 Geryonae
799 1597 945 1667 spoliisque
964 1599 1108 1670 superbus,

384 1677 498 1731 Alcides
515 1676 619 1743 aderat,
638 1679 786 1743 taurosque
804 1675 856 1728 hac
874 1675 963 1729 victor
981 1676 1082 1743 agebat

385 1752 515 1821 Ingentis,
533 1752 687 1821 vallemque
703 1750 788 1805 boves
808 1768 974 1819 amnemque
990 1752 1134 1809 tenebant.

384 1830 425 1882 At
441 1830 519 1883 furiis
538 1829 601 1883 Caci
618 1845 695 1882 mcns
714 1827 804 1895 effera,
825 1844 860 1881 ne
879 1827 947 1896 quid
963 1828 1088 1881 inausrsm
1209 1845 1244 1885 aas

384 1905 444 1959 Aut
460 1901 640 1960 intractatum
658 1904 800 1958 scelerisve
822 1903 911 1957 dolive
929 1904 1034 1972 fuisset,

384 1980 520 2045 Quattuor
537 1998 554 2033 a
571 1981 685 2034 stabulis
703 1980 988 2050 praestanticorpore
1006 1983 1102 2036 tauros

384 2057 503 2123 Avertit,
522 2057 639 2110 totidem
657 2056 744 2108 forma
762 2059 908 2124 superante
926 2056 1060 2110 iuvencas.

384 2132 478 2199 Atque
494 2130 551 2198 hos,
570 2148 604 2183 nc
623 2147 677 2198 qua
694 2131 785 2184 forent
803 2131 922 2199 pedibus
941 2132 1057 2199 vestigia
1073 2133 1166 2203 rectis,

384 2207 478 2262 (lauda
495 2206 524 2259 in
542 2207 697 2280 speluncam
716 2210 819 2261 tractos
838 2208 978 2275 versisque
995 2207 1101 2261 viarum
1207 2226 1243 2266 κιο

384 2283 496 2337 Indiciis
513 2286 608 2351 raptos
626 2299 691 2336 saxo
709 2282 866 2336 occultabat
885 2298 976 2350 opaco.

384 2360 533 2425 Quaerenti
550 2359 624 2412 nulla
641 2358 677 2411 ad
694 2358 850 2427 speluncam
869 2358 947 2425 signa
964 2358 1097 2415 ferebant.

384 2436 502 2505 Interea,
521 2453 581 2490 cum
599 2436 653 2489 iam
672 2435 786 2488 stabulis
805 2437 929 2487 saturata
946 2439 1069 2490 moveret

385 2512 644 2582 Amphitryoniades
662 2514 787 2565 armenta
805 2509 965 2579 abitumque
983 2514 1103 2581 pararet,

384 2587 511 2642 Discessu
528 2590 634 2655 mugire
651 2588 742 2656 boves,
760 2589 843 2653 atque
861 2602 941 2639 enine
960 2587 1080 2655 querelis
1208 2605 1245 2645 215

384 2663 487 2732 Inplcri
505 2681 608 2732 nemus,
627 2667 655 2717 et
673 2665 754 2717 colles
772 2663 890 2715 clamore
907 2662 1030 2730 relinqui.

384 2738 517 2793 Reddidit
535 2757 588 2792 una
606 2740 688 2791 boum
705 2755 799 2792 vocem
817 2742 949 2807 vastoque
967 2739 1017 2792 sub
1035 2741 1115 2795 antro

383 2814 483 2883 Mugiit
501 2818 530 2869 et
549 2816 612 2869 (iaci
631 2831 707 2883 spem
726 2815 865 2868 custodita
883 2814 988 2868 fefellit.

383 2891 438 2945 Hic
455 2908 519 2946 vero
539 2890 654 2945 Alcidae
672 2891 751 2944 furiis
775 2894 916 2948 exarserat
935 2894 997 2945 atro

383 2968 459 3023 Felle
471 2969 562 3035 dolor;
583 2967 656 3035 rapit
668 2984 744 3021 arma
755 2984 837 3021 manu
850 2968 983 3035 nodisque
994 2969 1139 3035 gravatum
1205 2985 1244 3024 aro

383 3044 484 3114 Robur,
504 3050 533 3100 et
550 3045 616 3099 aerii
635 3061 715 3098 cursu
733 3045 803 3113 petit
821 3044 908 3097 ardua
925 3043 1035 3097 montis.

382 3119 451 3175 'lum
469 3123 586 3192 primum
605 3122 692 3177 nostri
711 3122 813 3175 Cacum
832 3121 927 3174 videre
945 3120 1092 3174 timentem

382 3196 587 3269 'turbatumque
604 3199 705 3264 oculis;
723 3199 793 3267 fugit
811 3198 885 3251 ilicet
903 3196 976 3251 ocior
995 3196 1069 3250 Euro

382 3272 596 3343 speluncamque
614 3275 703 3343 potit3
722 3275 840 3342 pedibus
858 3274 942 3327 timor
960 3272 1069 3326 addidit
1086 3270 1151 3326 alas

381 3348 423 3403 Ut
440 3366 500 3404 sese
517 3350 633 3416 inclusit,
651 3351 793 3418 ruptisque
810 3350 918 3403 inmane
936 3347 1038 3402 catenis
1204 3361 1243 3403 ηε

371 3422 483 3482 Deiecit
497 3444 604 3499 sarum,
623 3428 699 3484 ferro
718 3426 796 3498 quod
817 3428 849 3481 et
866 3428 929 3478 arte
944 3427 1065 3491 paterna

353 3499 513 3577 pendebat,
534 3509 684 3579 firltosque
705 3506 828 3564 emuniit
846 3502 939 3558 obiice
955 3497 1057 3565 pectis,

347 3573 415 3635 Uere
430 3583 538 3643 furens
554 3588 669 3644 animis
689 3586 804 3643 aderat
821 3574 1005 3647 Tirynthius,
1020 3576 1193 3623 omnemque
