<?xml version="1.0" encoding="UTF-8"?>
<!DOCTYPE html PUBLIC "-//W3C//DTD XHTML 1.0 Transitional//EN"
    "http://www.w3.org/TR/xhtml1/DTD/xhtml1-transitional.dtd">
<html xmlns="http://www.w3.org/1999/xhtml" xml:lang="en" lang="en">
 <head>
  <title>
</title>
<meta http-equiv="Content-Type" content="text/html;charset=utf-8" />
  <meta name='ocr-system' content='tesseract 3.04.00' />
  <meta name='ocr-capabilities' content='ocr_page ocr_carea ocr_par ocr_line ocrx_word'/>
</head>
<body>
  <div class='ocr_page' id='page_1' title='image "./publivergilimar00conigoog/publivergilimar00conigoog_0014.png"; bbox 0 0 3242 4159; ppageno 0'>
   <div class='ocr_carea' id='block_1_1' title="bbox 380 531 1002 584">
    <p class='ocr_par' dir='ltr' id='par_1_1' title="bbox 380 531 1002 584">
     <span class='ocr_line' id='line_1_1' title="bbox 380 531 1002 584; baseline -0.005 -1"><span class='ocrx_word' id='word_1_1' title='bbox 380 537 395 583; x_wconf 71' lang='lat'>2</span> <span class='ocrx_word' id='word_1_2' title='bbox 613 533 644 584; x_wconf 92' lang='lat' dir='ltr'><strong>P.</strong></span> <span class='ocrx_word' id='word_1_3' title='bbox 662 533 817 583; x_wconf 80' lang='lat' dir='ltr'><strong>VERGILI</strong></span> <span class='ocrx_word' id='word_1_4' title='bbox 835 531 1002 582; x_wconf 86' lang='lat' dir='ltr'><strong>MARONIS</strong></span> 
     </span>
    </p>
   </div>
   <div class='ocr_carea' id='block_1_2' title="bbox 352 613 1251 3653">
    <p class='ocr_par' dir='ltr' id='par_1_2' title="bbox 378 613 1250 2973">
     <span class='ocr_line' id='line_1_2' title="bbox 380 613 1086 685; baseline -0.004 -10"><span class='ocrx_word' id='word_1_5' title='bbox 380 617 519 682; x_wconf 80' lang='lat' dir='ltr'><strong>Quantum</strong></span> <span class='ocrx_word' id='word_1_6' title='bbox 535 617 611 673; x_wconf 91' lang='lat' dir='ltr'><strong>lenta</strong></span> <span class='ocrx_word' id='word_1_7' title='bbox 628 616 716 671; x_wconf 83' lang='lat' dir='ltr'><strong>solent</strong></span> <span class='ocrx_word' id='word_1_8' title='bbox 733 614 806 668; x_wconf 89' lang='lat' dir='ltr'><strong>inter</strong></span> <span class='ocrx_word' id='word_1_9' title='bbox 822 613 938 668; x_wconf 83' lang='lat' dir='ltr'>viburna</span> <span class='ocrx_word' id='word_1_10' title='bbox 954 617 1086 685; x_wconf 83' lang='lat' dir='ltr'><strong>cupressi.</strong></span> 
     </span>
     <span class='ocr_line' id='line_1_3' title="bbox 378 689 1202 765; baseline 0 -17"><span class='ocrx_word' id='word_1_11' title='bbox 378 694 424 750; x_wconf 81' lang='lat' dir='ltr'><strong>M.</strong></span> <span class='ocrx_word' id='word_1_12' title='bbox 443 696 481 750; x_wconf 80' lang='lat' dir='ltr'><strong>lot</strong></span> <span class='ocrx_word' id='word_1_13' title='bbox 499 689 570 765; x_wconf 77' lang='lat' dir='ltr'><strong>quae</strong></span> <span class='ocrx_word' id='word_1_14' title='bbox 587 697 666 749; x_wconf 89' lang='lat' dir='ltr'><strong>tanta</strong></span> <span class='ocrx_word' id='word_1_15' title='bbox 683 692 737 745; x_wconf 81' lang='lat' dir='ltr'><strong>fuit</strong></span> <span class='ocrx_word' id='word_1_16' title='bbox 755 691 870 744; x_wconf 84' lang='lat' dir='ltr'><strong>Romam</strong></span> <span class='ocrx_word' id='word_1_17' title='bbox 889 692 941 746; x_wconf 91' lang='lat' dir='ltr'><strong>tibi</strong></span> <span class='ocrx_word' id='word_1_18' title='bbox 959 710 1053 748; x_wconf 83' lang='lat' dir='ltr'>caussa</span> <span class='ocrx_word' id='word_1_19' title='bbox 1070 694 1202 749; x_wconf 86' lang='lat' dir='ltr'><strong>videndil</strong></span> 
     </span>
     <span class='ocr_line' id='line_1_4' title="bbox 384 771 1141 840; baseline 0 -15"><span class='ocrx_word' id='word_1_20' title='bbox 384 771 413 825; x_wconf 84' lang='grc' dir='ltr'><strong>Τ.</strong></span> <span class='ocrx_word' id='word_1_21' title='bbox 431 771 573 837; x_wconf 81' lang='lat' dir='ltr'><strong>Libertas3</strong></span> <span class='ocrx_word' id='word_1_22' title='bbox 591 787 661 840; x_wconf 91' lang='lat' dir='ltr'><strong>quae</strong></span> <span class='ocrx_word' id='word_1_23' title='bbox 680 785 747 834; x_wconf 90' lang='lat' dir='ltr'><strong>sera,</strong></span> <span class='ocrx_word' id='word_1_24' title='bbox 766 772 860 821; x_wconf 91' lang='lat' dir='ltr'><strong>tamen</strong></span> <span class='ocrx_word' id='word_1_25' title='bbox 877 771 999 837; x_wconf 79' lang='lat' dir='ltr'><strong>respexit</strong></span> <span class='ocrx_word' id='word_1_26' title='bbox 1016 771 1141 837; x_wconf 86' lang='lat' dir='ltr'><strong>inertem,</strong></span> 
     </span>
     <span class='ocr_line' id='line_1_5' title="bbox 381 843 1094 917; baseline -0.001 -16"><span class='ocrx_word' id='word_1_27' title='bbox 381 847 531 903; x_wconf 77' lang='lat' dir='ltr'><strong>Candidior</strong></span> <span class='ocrx_word' id='word_1_28' title='bbox 550 852 697 917; x_wconf 88' lang='lat' dir='ltr'><strong>postquam</strong></span> <span class='ocrx_word' id='word_1_29' title='bbox 715 843 842 898; x_wconf 80' lang='lat' dir='ltr'><strong>tondenti</strong></span> <span class='ocrx_word' id='word_1_30' title='bbox 857 843 944 897; x_wconf 91' lang='lat' dir='ltr'><strong>barba</strong></span> <span class='ocrx_word' id='word_1_31' title='bbox 961 846 1094 912; x_wconf 89' lang='lat' dir='ltr'><strong>cadebat;</strong></span> 
     </span>
     <span class='ocr_line' id='line_1_6' title="bbox 382 920 1238 994; baseline 0 -15"><span class='ocrx_word' id='word_1_32' title='bbox 382 922 518 994; x_wconf 79' lang='lat' dir='ltr'><strong>Respexit</strong></span> <span class='ocrx_word' id='word_1_33' title='bbox 538 927 638 990; x_wconf 88' lang='lat' dir='ltr'><strong>tamen,</strong></span> <span class='ocrx_word' id='word_1_34' title='bbox 657 924 686 975; x_wconf 89' lang='lat' dir='ltr'><strong>et</strong></span> <span class='ocrx_word' id='word_1_35' title='bbox 703 920 785 987; x_wconf 85' lang='lat' dir='ltr'><strong>longo</strong></span> <span class='ocrx_word' id='word_1_36' title='bbox 801 923 866 988; x_wconf 85' lang='lat' dir='ltr'><strong>post</strong></span> <span class='ocrx_word' id='word_1_37' title='bbox 884 925 1009 991; x_wconf 90' lang='lat' dir='ltr'><strong>tempore</strong></span> <span class='ocrx_word' id='word_1_38' title='bbox 1025 924 1108 991; x_wconf 82' lang='lat' dir='ltr'><strong>venit,</strong></span> <span class='ocrx_word' id='word_1_39' title='bbox 1214 939 1238 978; x_wconf 82' lang='lat' dir='ltr'><strong>so</strong></span> 
     </span>
     <span class='ocr_line' id='line_1_7' title="bbox 382 995 1150 1069; baseline 0.001 -16"><span class='ocrx_word' id='word_1_40' title='bbox 382 999 534 1069; x_wconf 87' lang='lat' dir='ltr'><strong>Postquam</strong></span> <span class='ocrx_word' id='word_1_41' title='bbox 552 1016 602 1053; x_wconf 91' lang='lat' dir='ltr'><strong>nos</strong></span> <span class='ocrx_word' id='word_1_42' title='bbox 621 995 768 1065; x_wconf 79' lang='lat' dir='ltr'><strong>Amaryllis</strong></span> <span class='ocrx_word' id='word_1_43' title='bbox 785 995 879 1064; x_wconf 89' lang='lat' dir='ltr'><strong>habet,</strong></span> <span class='ocrx_word' id='word_1_44' title='bbox 897 996 1014 1052; x_wconf 80' lang='lat' dir='ltr'><strong>Galatea</strong></span> <span class='ocrx_word' id='word_1_45' title='bbox 1030 1000 1150 1069; x_wconf 88' lang='lat' dir='ltr'><strong>reliquit.</strong></span> 
     </span>
     <span class='ocr_line' id='line_1_8' title="bbox 381 1072 1157 1145; baseline 0.001 -15"><span class='ocrx_word' id='word_1_46' title='bbox 381 1076 515 1145; x_wconf 84' lang='lat' dir='ltr'><strong>Namque,</strong></span> <span class='ocrx_word' id='word_1_47' title='bbox 533 1074 641 1129; x_wconf 83' lang='lat' dir='ltr'><strong>fatebor</strong></span> <span class='ocrx_word' id='word_1_48' title='bbox 659 1073 739 1139; x_wconf 89' lang='lat' dir='ltr'><strong>enim,</strong></span> <span class='ocrx_word' id='word_1_49' title='bbox 758 1072 825 1125; x_wconf 90' lang='lat' dir='ltr'><strong>dum</strong></span> <span class='ocrx_word' id='word_1_50' title='bbox 843 1088 888 1126; x_wconf 93' lang='lat' dir='ltr'><strong>me</strong></span> <span class='ocrx_word' id='word_1_51' title='bbox 906 1072 1020 1127; x_wconf 86' lang='lat' dir='ltr'><strong>Galatea</strong></span> <span class='ocrx_word' id='word_1_52' title='bbox 1037 1076 1157 1144; x_wconf 89' lang='lat' dir='ltr'><strong>tenebat,</strong></span> 
     </span>
     <span class='ocr_line' id='line_1_9' title="bbox 382 1150 1025 1222; baseline -0.009 -14"><span class='ocrx_word' id='word_1_53' title='bbox 382 1152 441 1208; x_wconf 85' lang='lat' dir='ltr'><strong>Nec</strong></span> <span class='ocrx_word' id='word_1_54' title='bbox 458 1169 521 1222; x_wconf 89' lang='lat' dir='ltr'><strong>spes</strong></span> <span class='ocrx_word' id='word_1_55' title='bbox 536 1150 674 1206; x_wconf 82' lang='lat' dir='ltr'><strong>libertatis</strong></span> <span class='ocrx_word' id='word_1_56' title='bbox 692 1153 759 1217; x_wconf 89' lang='lat' dir='ltr'><strong>erat,</strong></span> <span class='ocrx_word' id='word_1_57' title='bbox 778 1165 829 1203; x_wconf 90' lang='lat' dir='ltr'><strong>nec</strong></span> <span class='ocrx_word' id='word_1_58' title='bbox 846 1165 912 1202; x_wconf 88' lang='lat' dir='ltr'><strong>cura</strong></span> <span class='ocrx_word' id='word_1_59' title='bbox 929 1150 1025 1218; x_wconf 90' lang='lat' dir='ltr'><strong>peculi.</strong></span> 
     </span>
     <span class='ocr_line' id='line_1_10' title="bbox 383 1225 1065 1296; baseline -0.001 -14"><span class='ocrx_word' id='word_1_60' title='bbox 383 1229 512 1293; x_wconf 83' lang='lat' dir='ltr'><strong>Quamvis</strong></span> <span class='ocrx_word' id='word_1_61' title='bbox 529 1229 618 1282; x_wconf 90' lang='lat' dir='ltr'><strong>multa</strong></span> <span class='ocrx_word' id='word_1_62' title='bbox 635 1226 703 1280; x_wconf 89' lang='lat' dir='ltr'><strong>meis</strong></span> <span class='ocrx_word' id='word_1_63' title='bbox 721 1226 810 1280; x_wconf 86' lang='lat' dir='ltr'><strong>exiret</strong></span> <span class='ocrx_word' id='word_1_64' title='bbox 827 1225 938 1279; x_wconf 81' lang='lat' dir='ltr'><strong>victima</strong></span> <span class='ocrx_word' id='word_1_65' title='bbox 956 1227 1065 1296; x_wconf 87' lang='lat' dir='ltr'><strong>saeptis,</strong></span> 
     </span>
     <span class='ocr_line' id='line_1_11' title="bbox 383 1304 1242 1374; baseline 0.001 -15"><span class='ocrx_word' id='word_1_66' title='bbox 383 1305 495 1374; x_wconf 79' lang='lat' dir='ltr'><strong>Pinguis</strong></span> <span class='ocrx_word' id='word_1_67' title='bbox 513 1308 543 1360; x_wconf 87' lang='lat' dir='ltr'><strong>et</strong></span> <span class='ocrx_word' id='word_1_68' title='bbox 559 1304 683 1373; x_wconf 85' lang='lat' dir='ltr'><strong>ingratae</strong></span> <span class='ocrx_word' id='word_1_69' title='bbox 701 1306 873 1371; x_wconf 86' lang='lat' dir='ltr'><strong>premeretur</strong></span> <span class='ocrx_word' id='word_1_70' title='bbox 891 1319 984 1356; x_wconf 87' lang='lat' dir='ltr'><strong>caseus</strong></span> <span class='ocrx_word' id='word_1_71' title='bbox 1003 1304 1072 1373; x_wconf 91' lang='lat' dir='ltr'><strong>urbi,</strong></span> <span class='ocrx_word' id='word_1_72' title='bbox 1216 1321 1242 1360; x_wconf 80' lang='lat'><strong>³⁵</strong></span> 
     </span>
     <span class='ocr_line' id='line_1_12' title="bbox 383 1379 1214 1452; baseline -0.001 -16"><span class='ocrx_word' id='word_1_73' title='bbox 383 1381 446 1437; x_wconf 89' lang='lat' dir='ltr'><strong>Non</strong></span> <span class='ocrx_word' id='word_1_74' title='bbox 458 1399 589 1452; x_wconf 90' lang='lat' dir='ltr'><strong>umquam</strong></span> <span class='ocrx_word' id='word_1_75' title='bbox 601 1380 693 1449; x_wconf 81' lang='lat' dir='ltr'><strong>gravis</strong></span> <span class='ocrx_word' id='word_1_76' title='bbox 706 1395 769 1432; x_wconf 86' lang='lat' dir='ltr'><strong>aere</strong></span> <span class='ocrx_word' id='word_1_77' title='bbox 781 1379 893 1432; x_wconf 91' lang='lat' dir='ltr'><strong>domum</strong></span> <span class='ocrx_word' id='word_1_78' title='bbox 905 1379 973 1432; x_wconf 90' lang='lat' dir='ltr'><strong>mihi</strong></span> <span class='ocrx_word' id='word_1_79' title='bbox 985 1380 1084 1434; x_wconf 83' lang='lat' dir='ltr'><strong>dextra</strong></span> <span class='ocrx_word' id='word_1_80' title='bbox 1095 1379 1214 1435; x_wconf 82' lang='lat' dir='ltr'><strong>redibat</strong></span> 
     </span>
     <span class='ocr_line' id='line_1_13' title="bbox 382 1454 1234 1525; baseline -0.004 -13"><span class='ocrx_word' id='word_1_81' title='bbox 382 1458 426 1513; x_wconf 81' lang='lat' dir='ltr'><strong>M.</strong></span> <span class='ocrx_word' id='word_1_82' title='bbox 445 1457 575 1525; x_wconf 86' lang='lat' dir='ltr'><strong>Mirabar,</strong></span> <span class='ocrx_word' id='word_1_83' title='bbox 595 1456 662 1525; x_wconf 88' lang='lat' dir='ltr'><strong>quid</strong></span> <span class='ocrx_word' id='word_1_84' title='bbox 679 1458 785 1508; x_wconf 87' lang='lat' dir='ltr'><strong>maesta</strong></span> <span class='ocrx_word' id='word_1_85' title='bbox 804 1454 879 1522; x_wconf 90' lang='lat' dir='ltr'><strong>deos,</strong></span> <span class='ocrx_word' id='word_1_86' title='bbox 899 1456 1039 1524; x_wconf 84' lang='lat' dir='ltr'><strong>Amarylli,</strong></span> <span class='ocrx_word' id='word_1_87' title='bbox 1057 1473 1177 1523; x_wconf 72' lang='lat' dir='ltr'><strong>vocares,</strong></span> <span class='ocrx_word' id='word_1_88' title='bbox 1232 1474 1234 1477; x_wconf 92' lang='lat'>·</span> 
     </span>
     <span class='ocr_line' id='line_1_14' title="bbox 384 1529 1153 1605; baseline -0.004 -15"><span class='ocrx_word' id='word_1_89' title='bbox 384 1534 435 1590; x_wconf 74' lang='lat' dir='ltr'><strong>(tui</strong></span> <span class='ocrx_word' id='word_1_90' title='bbox 452 1533 573 1605; x_wconf 89' lang='lat' dir='ltr'><strong>pendere</strong></span> <span class='ocrx_word' id='word_1_91' title='bbox 592 1548 642 1586; x_wconf 90' lang='lat' dir='ltr'><strong>sua</strong></span> <span class='ocrx_word' id='word_1_92' title='bbox 659 1530 793 1599; x_wconf 88' lang='lat' dir='ltr'><strong>patereris</strong></span> <span class='ocrx_word' id='word_1_93' title='bbox 811 1529 840 1583; x_wconf 93' lang='lat' dir='ltr'><strong>in</strong></span> <span class='ocrx_word' id='word_1_94' title='bbox 859 1530 956 1585; x_wconf 90' lang='lat' dir='ltr'><strong>arbore</strong></span> <span class='ocrx_word' id='word_1_95' title='bbox 973 1549 1070 1602; x_wconf 90' lang='lat' dir='ltr'><strong>poma:</strong></span> <span class='ocrx_word' id='word_1_96' title='bbox 1151 1553 1153 1557; x_wconf 56' lang='lat'><strong><em>¹</em></strong></span> 
     </span>
     <span class='ocr_line' id='line_1_15' title="bbox 384 1605 1093 1679; baseline -0.003 -15"><span class='ocrx_word' id='word_1_97' title='bbox 384 1610 493 1679; x_wconf 77' lang='lat' dir='ltr'><strong>&#39;l&#39;ityrus</strong></span> <span class='ocrx_word' id='word_1_98' title='bbox 510 1609 573 1663; x_wconf 92' lang='lat' dir='ltr'><strong>hinc</strong></span> <span class='ocrx_word' id='word_1_99' title='bbox 591 1608 695 1663; x_wconf 84' lang='lat' dir='ltr'><strong>aberat.</strong></span> <span class='ocrx_word' id='word_1_100' title='bbox 732 1605 815 1675; x_wconf 87' lang='lat' dir='ltr'><strong>Ipsae</strong></span> <span class='ocrx_word' id='word_1_101' title='bbox 832 1609 869 1674; x_wconf 89' lang='lat' dir='ltr'><strong>te,</strong></span> <span class='ocrx_word' id='word_1_102' title='bbox 886 1606 987 1676; x_wconf 75' lang='lat' dir='ltr'><strong>Tityre,</strong></span> <span class='ocrx_word' id='word_1_103' title='bbox 1004 1610 1093 1677; x_wconf 86' lang='lat' dir='ltr'><strong>pinus,</strong></span> 
     </span>
     <span class='ocr_line' id='line_1_16' title="bbox 385 1680 1245 1761; baseline -0.002 -20"><span class='ocrx_word' id='word_1_104' title='bbox 385 1686 444 1756; x_wconf 90' lang='lat' dir='ltr'><strong>Ipsi</strong></span> <span class='ocrx_word' id='word_1_105' title='bbox 458 1689 490 1761; x_wconf 81' lang='lat' dir='ltr'><strong>te</strong></span> <span class='ocrx_word' id='word_1_106' title='bbox 506 1686 603 1755; x_wconf 84' lang='lat' dir='ltr'><strong>fontes,</strong></span> <span class='ocrx_word' id='word_1_107' title='bbox 622 1684 682 1752; x_wconf 90' lang='lat' dir='ltr'><strong>ip&#39;sa</strong></span> <span class='ocrx_word' id='word_1_108' title='bbox 698 1682 766 1736; x_wconf 87' lang='lat' dir='ltr'><strong>haec</strong></span> <span class='ocrx_word' id='word_1_109' title='bbox 783 1680 897 1735; x_wconf 87' lang='lat' dir='ltr'><strong>arbusta</strong></span> <span class='ocrx_word' id='word_1_110' title='bbox 913 1684 1052 1739; x_wconf 87' lang='lat' dir='ltr'><strong>vocabant.</strong></span> <span class='ocrx_word' id='word_1_111' title='bbox 1218 1702 1245 1739; x_wconf 75' lang='lat' dir='ltr'><strong>ao</strong></span> 
     </span>
     <span class='ocr_line' id='line_1_17' title="bbox 389 1757 1181 1830; baseline -0.001 -14"><span class='ocrx_word' id='word_1_112' title='bbox 389 1762 419 1816; x_wconf 81' lang='grc' dir='ltr'><strong>Τ.</strong></span> <span class='ocrx_word' id='word_1_113' title='bbox 437 1760 511 1828; x_wconf 83' lang='lat' dir='ltr'><strong>Quid</strong></span> <span class='ocrx_word' id='word_1_114' title='bbox 526 1761 661 1815; x_wconf 81' lang='lat' dir='ltr'><strong>faeeremt</strong></span> <span class='ocrx_word' id='word_1_115' title='bbox 679 1775 769 1827; x_wconf 90' lang='lat' dir='ltr'><strong>neque</strong></span> <span class='ocrx_word' id='word_1_116' title='bbox 786 1757 899 1812; x_wconf 83' lang='lat' dir='ltr'><strong>servitio</strong></span> <span class='ocrx_word' id='word_1_117' title='bbox 917 1775 962 1814; x_wconf 91' lang='lat' dir='ltr'><strong>me</strong></span> <span class='ocrx_word' id='word_1_118' title='bbox 979 1761 1055 1814; x_wconf 84' lang='lat' dir='ltr'><strong>exire</strong></span> <span class='ocrx_word' id='word_1_119' title='bbox 1072 1760 1181 1830; x_wconf 90' lang='lat' dir='ltr'><strong>lieebat‚</strong></span> 
     </span>
     <span class='ocr_line' id='line_1_18' title="bbox 384 1834 1050 1906; baseline -0.003 -13"><span class='ocrx_word' id='word_1_120' title='bbox 384 1838 412 1893; x_wconf 87' lang='lat' dir='ltr'>N</span> <span class='ocrx_word' id='word_1_121' title='bbox 413 1855 445 1893; x_wconf 94' lang='lat' dir='ltr'><strong>ec</strong></span> <span class='ocrx_word' id='word_1_122' title='bbox 461 1842 518 1892; x_wconf 90' lang='lat' dir='ltr'><strong>tam</strong></span> <span class='ocrx_word' id='word_1_123' title='bbox 535 1836 687 1906; x_wconf 86' lang='lat' dir='ltr'><strong>praesentis</strong></span> <span class='ocrx_word' id='word_1_124' title='bbox 706 1834 769 1887; x_wconf 88' lang='lat' dir='ltr'><strong>alibi</strong></span> <span class='ocrx_word' id='word_1_125' title='bbox 786 1851 950 1902; x_wconf 84' lang='lat' dir='ltr'><strong>cognoscere</strong></span> <span class='ocrx_word' id='word_1_126' title='bbox 967 1836 1050 1891; x_wconf 88' lang='lat' dir='ltr'><strong>divos.</strong></span> 
     </span>
     <span class='ocr_line' id='line_1_19' title="bbox 385 1909 1104 1980; baseline -0.004 -11"><span class='ocrx_word' id='word_1_127' title='bbox 385 1914 442 1969; x_wconf 89' lang='lat' dir='ltr'><strong>Hic</strong></span> <span class='ocrx_word' id='word_1_128' title='bbox 458 1913 536 1967; x_wconf 89' lang='lat' dir='ltr'><strong>illum</strong></span> <span class='ocrx_word' id='word_1_129' title='bbox 553 1909 610 1966; x_wconf 87' lang='lat' dir='ltr'><strong>vidi</strong></span> <span class='ocrx_word' id='word_1_130' title='bbox 628 1912 760 1975; x_wconf 83' lang='lat' dir='ltr'><strong>iuvenem,</strong></span> <span class='ocrx_word' id='word_1_131' title='bbox 781 1909 924 1979; x_wconf 90' lang='lat' dir='ltr'><strong>Meliboee,</strong></span> <span class='ocrx_word' id='word_1_132' title='bbox 943 1912 1104 1980; x_wconf 91' lang='lat' dir='ltr'><strong>quotannis</strong></span> 
     </span>
     <span class='ocr_line' id='line_1_20' title="bbox 385 1985 1243 2058; baseline -0.006 -13"><span class='ocrx_word' id='word_1_133' title='bbox 385 1990 435 2045; x_wconf 91' lang='lat' dir='ltr'><strong>Bis</strong></span> <span class='ocrx_word' id='word_1_134' title='bbox 452 2005 531 2043; x_wconf 86' lang='lat' dir='ltr'><strong>senos</strong></span> <span class='ocrx_word' id='word_1_135' title='bbox 547 1988 592 2041; x_wconf 92' lang='lat' dir='ltr'><strong>cui</strong></span> <span class='ocrx_word' id='word_1_136' title='bbox 610 1989 705 2040; x_wconf 88' lang='lat' dir='ltr'><strong>nostra</strong></span> <span class='ocrx_word' id='word_1_137' title='bbox 724 1985 783 2039; x_wconf 91' lang='lat' dir='ltr'><strong>dies</strong></span> <span class='ocrx_word' id='word_1_138' title='bbox 801 1985 899 2040; x_wconf 87' lang='lat' dir='ltr'><strong>altaria</strong></span> <span class='ocrx_word' id='word_1_139' title='bbox 909 1987 1029 2058; x_wconf 75' lang='lat' dir='ltr'><strong>tument.</strong></span> <span class='ocrx_word' id='word_1_140' title='bbox 1238 2048 1243 2053; x_wconf 24' lang='lat'>⁸</span> 
     </span>
     <span class='ocr_line' id='line_1_21' title="bbox 386 2060 1249 2133; baseline 0 -12"><span class='ocrx_word' id='word_1_141' title='bbox 386 2066 441 2121; x_wconf 92' lang='lat' dir='ltr'><strong>Hie</strong></span> <span class='ocrx_word' id='word_1_142' title='bbox 458 2065 525 2119; x_wconf 89' lang='lat' dir='ltr'><strong>mihi</strong></span> <span class='ocrx_word' id='word_1_143' title='bbox 544 2079 703 2132; x_wconf 88' lang='lat' dir='ltr'><strong>responsum</strong></span> <span class='ocrx_word' id='word_1_144' title='bbox 722 2062 828 2131; x_wconf 89' lang='lat' dir='ltr'><strong>primus</strong></span> <span class='ocrx_word' id='word_1_145' title='bbox 848 2060 927 2116; x_wconf 84' lang='lat' dir='ltr'><strong>dedit</strong></span> <span class='ocrx_word' id='word_1_146' title='bbox 946 2062 992 2117; x_wconf 92' lang='lat' dir='ltr'><strong>illc</strong></span> <span class='ocrx_word' id='word_1_147' title='bbox 1008 2065 1132 2133; x_wconf 90' lang='lat' dir='ltr'><strong>petenti:</strong></span> <span class='ocrx_word' id='word_1_148' title='bbox 1222 2083 1249 2121; x_wconf 74' lang='lat'><strong>4⁵</strong></span> 
     </span>
     <span class='ocr_line' id='line_1_22' title="bbox 386 2137 1149 2210; baseline -0.003 -13"><span class='ocrx_word' id='word_1_149' title='bbox 386 2142 503 2210; x_wconf 83' lang='lat' dir='ltr'><strong>Pascite,</strong></span> <span class='ocrx_word' id='word_1_150' title='bbox 520 2143 553 2194; x_wconf 93' lang='lat' dir='ltr'><strong>ut</strong></span> <span class='ocrx_word' id='word_1_151' title='bbox 569 2142 642 2207; x_wconf 86' lang='lat' dir='ltr'><strong>ante,</strong></span> <span class='ocrx_word' id='word_1_152' title='bbox 660 2137 751 2205; x_wconf 82' lang='lat' dir='ltr'><strong>boves,</strong></span> <span class='ocrx_word' id='word_1_153' title='bbox 770 2138 857 2207; x_wconf 92' lang='lat' dir='ltr'><strong>pueri,</strong></span> <span class='ocrx_word' id='word_1_154' title='bbox 877 2138 1032 2194; x_wconf 86' lang='lat' dir='ltr'><strong>submittite</strong></span> <span class='ocrx_word' id='word_1_155' title='bbox 1049 2144 1149 2196; x_wconf 88' lang='lat' dir='ltr'><strong>tauros.</strong></span> 
     </span>
     <span class='ocr_line' id='line_1_23' title="bbox 385 2216 1122 2285; baseline -0.005 -11"><span class='ocrx_word' id='word_1_156' title='bbox 385 2218 430 2274; x_wconf 87' lang='grc' dir='ltr'><strong>Μ.</strong></span> <span class='ocrx_word' id='word_1_157' title='bbox 449 2217 601 2271; x_wconf 82' lang='lat' dir='ltr'><strong>Fortunate</strong></span> <span class='ocrx_word' id='word_1_158' title='bbox 620 2230 711 2281; x_wconf 79' lang='lat' dir='ltr'><strong>senex,</strong></span> <span class='ocrx_word' id='word_1_159' title='bbox 731 2230 797 2283; x_wconf 81' lang='lat' dir='ltr'><strong>ergo</strong></span> <span class='ocrx_word' id='word_1_160' title='bbox 816 2217 865 2267; x_wconf 88' lang='lat' dir='ltr'><strong>tua</strong></span> <span class='ocrx_word' id='word_1_161' title='bbox 884 2231 949 2267; x_wconf 87' lang='lat' dir='ltr'><strong>rura</strong></span> <span class='ocrx_word' id='word_1_162' title='bbox 966 2216 1122 2285; x_wconf 90' lang='lat' dir='ltr'><strong>manebunt,</strong></span> 
     </span>
     <span class='ocr_line' id='line_1_24' title="bbox 386 2289 1147 2360; baseline -0.007 -9"><span class='ocrx_word' id='word_1_163' title='bbox 386 2295 425 2351; x_wconf 76' lang='lat' dir='ltr'><strong>nt</strong></span> <span class='ocrx_word' id='word_1_164' title='bbox 441 2293 493 2348; x_wconf 86' lang='lat' dir='ltr'><strong>tibi</strong></span> <span class='ocrx_word' id='word_1_165' title='bbox 510 2308 609 2360; x_wconf 81' lang='lat' dir='ltr'><strong>magna</strong></span> <span class='ocrx_word' id='word_1_166' title='bbox 627 2289 701 2356; x_wconf 87' lang='lat' dir='ltr'><strong>satis,</strong></span> <span class='ocrx_word' id='word_1_167' title='bbox 722 2289 847 2358; x_wconf 83' lang='lat' dir='ltr'><strong>quamvis</strong></span> <span class='ocrx_word' id='word_1_168' title='bbox 864 2290 933 2358; x_wconf 86' lang='lat' dir='ltr'><strong>lapis</strong></span> <span class='ocrx_word' id='word_1_169' title='bbox 951 2292 1041 2344; x_wconf 91' lang='lat' dir='ltr'><strong>omnia</strong></span> <span class='ocrx_word' id='word_1_170' title='bbox 1057 2293 1147 2347; x_wconf 90' lang='lat' dir='ltr'><strong>nudus</strong></span> 
     </span>
     <span class='ocr_line' id='line_1_25' title="bbox 386 2365 1174 2439; baseline -0.008 -13"><span class='ocrx_word' id='word_1_171' title='bbox 386 2372 550 2439; x_wconf 80' lang='lat' dir='ltr'><strong>limosoque</strong></span> <span class='ocrx_word' id='word_1_172' title='bbox 567 2366 645 2438; x_wconf 87' lang='lat' dir='ltr'><strong>palus</strong></span> <span class='ocrx_word' id='word_1_173' title='bbox 663 2365 781 2420; x_wconf 87' lang='lat' dir='ltr'><strong>obducat</strong></span> <span class='ocrx_word' id='word_1_174' title='bbox 797 2384 899 2435; x_wconf 88' lang='lat' dir='ltr'><strong>pascua</strong></span> <span class='ocrx_word' id='word_1_175' title='bbox 915 2367 1011 2422; x_wconf 87' lang='lat' dir='ltr'><strong>iunco!</strong></span> <span class='ocrx_word' id='word_1_176' title='bbox 1172 2376 1174 2379; x_wconf 69' lang='lat'>‘</span> 
     </span>
     <span class='ocr_line' id='line_1_26' title="bbox 387 2443 1249 2514; baseline -0.008 -11"><span class='ocrx_word' id='word_1_177' title='bbox 387 2449 449 2503; x_wconf 80' lang='lat' dir='ltr'><strong>Non</strong></span> <span class='ocrx_word' id='word_1_178' title='bbox 465 2447 574 2501; x_wconf 90' lang='lat' dir='ltr'><strong>insueta</strong></span> <span class='ocrx_word' id='word_1_179' title='bbox 589 2444 681 2514; x_wconf 74' lang='lat' dir='ltr'><strong>gravis</strong></span> <span class='ocrx_word' id='word_1_180' title='bbox 700 2443 877 2513; x_wconf 86' lang='lat' dir='ltr'><strong>temptabunt</strong></span> <span class='ocrx_word' id='word_1_181' title='bbox 893 2443 995 2513; x_wconf 90' lang='lat' dir='ltr'><strong>pabula</strong></span> <span class='ocrx_word' id='word_1_182' title='bbox 1012 2444 1090 2511; x_wconf 84' lang='lat' dir='ltr'><strong>fetas,</strong></span> <span class='ocrx_word' id='word_1_183' title='bbox 1227 2464 1249 2501; x_wconf 71' lang='lat' dir='ltr'><strong>a</strong></span> 
     </span>
     <span class='ocr_line' id='line_1_27' title="bbox 386 2503 1038 2591; baseline -0.008 -12"><span class='ocrx_word' id='word_1_184' title='bbox 386 2524 447 2579; x_wconf 72' lang='lat' dir='ltr'><strong>uec</strong></span> <span class='ocrx_word' id='word_1_185' title='bbox 463 2524 535 2578; x_wconf 77' lang='lat' dir='ltr'><strong>maa</strong></span> <span class='ocrx_word' id='word_1_186' title='bbox 551 2503 633 2577; x_wconf 77' lang='lat' dir='ltr'><strong>vieini</strong></span> <span class='ocrx_word' id='word_1_187' title='bbox 650 2521 757 2591; x_wconf 69' lang='lat' dir='ltr'><strong>peeoris</strong></span> <span class='ocrx_word' id='word_1_188' title='bbox 776 2520 903 2587; x_wconf 78' lang='lat' dir='ltr'><strong>contagio</strong></span> <span class='ocrx_word' id='word_1_189' title='bbox 919 2519 1038 2574; x_wconf 66' lang='lat' dir='ltr'><strong>laedent.</strong></span> 
     </span>
     <span class='ocr_line' id='line_1_28' title="bbox 387 2595 1025 2666; baseline -0.009 -10"><span class='ocrx_word' id='word_1_190' title='bbox 387 2600 539 2656; x_wconf 79' lang='lat' dir='ltr'><strong>Fortunate</strong></span> <span class='ocrx_word' id='word_1_191' title='bbox 557 2616 648 2666; x_wconf 83' lang='lat' dir='ltr'><strong>senex,</strong></span> <span class='ocrx_word' id='word_1_192' title='bbox 666 2598 719 2665; x_wconf 89' lang='lat' dir='ltr'><strong>hie,</strong></span> <span class='ocrx_word' id='word_1_193' title='bbox 738 2597 811 2650; x_wconf 90' lang='lat' dir='ltr'><strong>inter</strong></span> <span class='ocrx_word' id='word_1_194' title='bbox 831 2595 943 2649; x_wconf 89' lang='lat' dir='ltr'><strong>flumina</strong></span> <span class='ocrx_word' id='word_1_195' title='bbox 959 2600 1025 2650; x_wconf 91' lang='lat' dir='ltr'><strong>nota</strong></span> 
     </span>
     <span class='ocr_line' id='line_1_29' title="bbox 388 2670 1039 2742; baseline -0.008 -12"><span class='ocrx_word' id='word_1_196' title='bbox 388 2676 425 2731; x_wconf 81' lang='lat' dir='ltr'><strong>llt</strong></span> <span class='ocrx_word' id='word_1_197' title='bbox 440 2675 524 2729; x_wconf 83' lang='lat' dir='ltr'><strong>fontis</strong></span> <span class='ocrx_word' id='word_1_198' title='bbox 541 2690 639 2740; x_wconf 88' lang='lat' dir='ltr'><strong>saeros,</strong></span> <span class='ocrx_word' id='word_1_199' title='bbox 657 2673 745 2741; x_wconf 82' lang='lat' dir='ltr'><strong>frigus</strong></span> <span class='ocrx_word' id='word_1_200' title='bbox 765 2671 889 2742; x_wconf 88' lang='lat' dir='ltr'><strong>captabis</strong></span> <span class='ocrx_word' id='word_1_201' title='bbox 906 2670 1039 2741; x_wconf 87' lang='lat' dir='ltr'><strong>opacum!</strong></span> 
     </span>
     <span class='ocr_line' id='line_1_30' title="bbox 388 2748 1150 2825; baseline -0.007 -18"><span class='ocrx_word' id='word_1_202' title='bbox 388 2752 461 2807; x_wconf 91' lang='lat' dir='ltr'><strong>Hine</strong></span> <span class='ocrx_word' id='word_1_203' title='bbox 478 2749 538 2817; x_wconf 88' lang='lat' dir='ltr'><strong>tibi,</strong></span> <span class='ocrx_word' id='word_1_204' title='bbox 556 2764 627 2825; x_wconf 85' lang='lat' dir='ltr'><strong>quae</strong></span> <span class='ocrx_word' id='word_1_205' title='bbox 646 2764 760 2817; x_wconf 89' lang='lat' dir='ltr'><strong>semper,</strong></span> <span class='ocrx_word' id='word_1_206' title='bbox 780 2749 868 2802; x_wconf 87' lang='lat' dir='ltr'><strong>vicino</strong></span> <span class='ocrx_word' id='word_1_207' title='bbox 888 2748 923 2801; x_wconf 92' lang='lat' dir='ltr'><strong>ab</strong></span> <span class='ocrx_word' id='word_1_208' title='bbox 940 2748 1037 2816; x_wconf 89' lang='lat' dir='ltr'><strong>limite,</strong></span> <span class='ocrx_word' id='word_1_209' title='bbox 1054 2764 1150 2817; x_wconf 87' lang='lat' dir='ltr'><strong>saepes</strong></span> 
     </span>
     <span class='ocr_line' id='line_1_31' title="bbox 388 2824 1250 2897; baseline -0.001 -14"><span class='ocrx_word' id='word_1_210' title='bbox 388 2826 521 2897; x_wconf 83' lang='lat' dir='ltr'><strong>Hyblaeis</strong></span> <span class='ocrx_word' id='word_1_211' title='bbox 538 2824 636 2894; x_wconf 91' lang='lat' dir='ltr'><strong>apibus</strong></span> <span class='ocrx_word' id='word_1_212' title='bbox 655 2824 750 2878; x_wconf 89' lang='lat' dir='ltr'><strong>florem</strong></span> <span class='ocrx_word' id='word_1_213' title='bbox 768 2825 885 2894; x_wconf 88' lang='lat' dir='ltr'><strong>depasta</strong></span> <span class='ocrx_word' id='word_1_214' title='bbox 902 2825 999 2893; x_wconf 87' lang='lat' dir='ltr'><strong>salicti,</strong></span> <span class='ocrx_word' id='word_1_215' title='bbox 1229 2842 1250 2882; x_wconf 75' lang='lat' dir='ltr'><strong>a</strong></span> 
     </span>
     <span class='ocr_line' id='line_1_32' title="bbox 389 2900 1069 2973; baseline -0.007 -14"><span class='ocrx_word' id='word_1_216' title='bbox 389 2904 476 2973; x_wconf 82' lang='lat' dir='ltr'><strong>Saepe</strong></span> <span class='ocrx_word' id='word_1_217' title='bbox 492 2900 546 2955; x_wconf 82' lang='lat' dir='ltr'><strong>levi</strong></span> <span class='ocrx_word' id='word_1_218' title='bbox 563 2918 687 2955; x_wconf 90' lang='lat' dir='ltr'><strong>somnum</strong></span> <span class='ocrx_word' id='word_1_219' title='bbox 707 2901 835 2955; x_wconf 85' lang='lat' dir='ltr'><strong>suadebit</strong></span> <span class='ocrx_word' id='word_1_220' title='bbox 855 2901 925 2956; x_wconf 90' lang='lat' dir='ltr'><strong>inire</strong></span> <span class='ocrx_word' id='word_1_221' title='bbox 943 2917 1069 2966; x_wconf 86' lang='lat' dir='ltr'><strong>susurro;</strong></span> 
     </span>
    </p>

    <p class='ocr_par' dir='ltr' id='par_1_3' title="bbox 352 2976 1251 3354">
     <span class='ocr_line' id='line_1_33' title="bbox 352 2976 1126 3050; baseline -0.005 -16"><span class='ocrx_word' id='word_1_222' title='bbox 352 3027 358 3050; x_wconf 87' lang='lat'><strong>,</strong></span> <span class='ocrx_word' id='word_1_223' title='bbox 389 2979 463 3034; x_wconf 90' lang='lat' dir='ltr'><strong>Hine</strong></span> <span class='ocrx_word' id='word_1_224' title='bbox 479 2978 537 3033; x_wconf 88' lang='lat' dir='ltr'><strong>alta</strong></span> <span class='ocrx_word' id='word_1_225' title='bbox 555 2976 605 3031; x_wconf 91' lang='lat' dir='ltr'><strong>sub</strong></span> <span class='ocrx_word' id='word_1_226' title='bbox 623 2994 692 3047; x_wconf 90' lang='lat' dir='ltr'><strong>rupe</strong></span> <span class='ocrx_word' id='word_1_227' title='bbox 712 2981 793 3032; x_wconf 90' lang='lat' dir='ltr'><strong>canet</strong></span> <span class='ocrx_word' id='word_1_228' title='bbox 812 2977 957 3032; x_wconf 83' lang='lat' dir='ltr'><strong>frondator</strong></span> <span class='ocrx_word' id='word_1_229' title='bbox 975 2977 1011 3031; x_wconf 91' lang='lat' dir='ltr'><strong>ad</strong></span> <span class='ocrx_word' id='word_1_230' title='bbox 1028 2994 1126 3042; x_wconf 85' lang='lat' dir='ltr'><strong>auras;</strong></span> 
     </span>
     <span class='ocr_line' id='line_1_34' title="bbox 388 3053 1140 3124; baseline -0.005 -14"><span class='ocrx_word' id='word_1_231' title='bbox 388 3054 448 3110; x_wconf 85' lang='lat' dir='ltr'><strong>Nee</strong></span> <span class='ocrx_word' id='word_1_232' title='bbox 464 3058 557 3110; x_wconf 90' lang='lat' dir='ltr'><strong>tamen</strong></span> <span class='ocrx_word' id='word_1_233' title='bbox 575 3054 682 3109; x_wconf 89' lang='lat' dir='ltr'><strong>interea</strong></span> <span class='ocrx_word' id='word_1_234' title='bbox 700 3069 807 3122; x_wconf 86' lang='lat' dir='ltr'><strong>raucae,</strong></span> <span class='ocrx_word' id='word_1_235' title='bbox 828 3057 877 3108; x_wconf 90' lang='lat' dir='ltr'><strong>tua</strong></span> <span class='ocrx_word' id='word_1_236' title='bbox 896 3071 970 3122; x_wconf 91' lang='lat' dir='ltr'><strong>cura,</strong></span> <span class='ocrx_word' id='word_1_237' title='bbox 988 3053 1140 3124; x_wconf 91' lang='lat' dir='ltr'><strong>palumbos,</strong></span> 
     </span>
     <span class='ocr_line' id='line_1_35' title="bbox 390 3129 1071 3201; baseline -0.006 -14"><span class='ocrx_word' id='word_1_238' title='bbox 390 3132 448 3187; x_wconf 86' lang='lat' dir='ltr'><strong>Nec</strong></span> <span class='ocrx_word' id='word_1_239' title='bbox 465 3148 576 3201; x_wconf 80' lang='lat' dir='ltr'><strong>gemere</strong></span> <span class='ocrx_word' id='word_1_240' title='bbox 594 3130 669 3186; x_wconf 86' lang='lat' dir='ltr'><strong>aeria</strong></span> <span class='ocrx_word' id='word_1_241' title='bbox 688 3129 807 3184; x_wconf 86' lang='lat' dir='ltr'><strong>cessabit</strong></span> <span class='ocrx_word' id='word_1_242' title='bbox 827 3134 921 3185; x_wconf 88' lang='lat' dir='ltr'><strong>turtur</strong></span> <span class='ocrx_word' id='word_1_243' title='bbox 938 3131 974 3184; x_wconf 91' lang='lat' dir='ltr'><strong>ab</strong></span> <span class='ocrx_word' id='word_1_244' title='bbox 990 3131 1071 3184; x_wconf 84' lang='lat' dir='ltr'><strong>ulmo.</strong></span> 
     </span>
     <span class='ocr_line' id='line_1_36' title="bbox 393 3207 1251 3277; baseline -0.001 -14"><span class='ocrx_word' id='word_1_245' title='bbox 393 3207 423 3263; x_wconf 71' lang='lat' dir='ltr'><strong>T.</strong></span> <span class='ocrx_word' id='word_1_246' title='bbox 441 3209 516 3263; x_wconf 87' lang='lat' dir='ltr'><strong>Ante</strong></span> <span class='ocrx_word' id='word_1_247' title='bbox 534 3209 608 3264; x_wconf 84' lang='lat' dir='ltr'><strong>leves</strong></span> <span class='ocrx_word' id='word_1_248' title='bbox 626 3224 692 3277; x_wconf 81' lang='lat' dir='ltr'><strong>ergo</strong></span> <span class='ocrx_word' id='word_1_249' title='bbox 711 3210 858 3277; x_wconf 85' lang='lat' dir='ltr'><strong>pascentur</strong></span> <span class='ocrx_word' id='word_1_250' title='bbox 875 3210 905 3261; x_wconf 88' lang='lat' dir='ltr'><strong>in</strong></span> <span class='ocrx_word' id='word_1_251' title='bbox 925 3208 1038 3262; x_wconf 89' lang='lat' dir='ltr'><strong>aethere</strong></span> <span class='ocrx_word' id='word_1_252' title='bbox 1055 3207 1137 3274; x_wconf 87' lang='lat' dir='ltr'><strong>cervi,</strong></span> <span class='ocrx_word' id='word_1_253' title='bbox 1233 3224 1251 3262; x_wconf 85' lang='lat' dir='ltr'><strong>a</strong></span> 
     </span>
     <span class='ocr_line' id='line_1_37' title="bbox 385 3283 1055 3354; baseline 0.001 -18"><span class='ocrx_word' id='word_1_254' title='bbox 385 3284 427 3337; x_wconf 75' lang='lat' dir='ltr'><strong>ut</strong></span> <span class='ocrx_word' id='word_1_255' title='bbox 441 3285 516 3339; x_wconf 70' lang='lat' dir='ltr'><strong>freta</strong></span> <span class='ocrx_word' id='word_1_256' title='bbox 534 3285 689 3341; x_wconf 87' lang='lat' dir='ltr'><strong>destituent</strong></span> <span class='ocrx_word' id='word_1_257' title='bbox 708 3283 796 3338; x_wconf 90' lang='lat' dir='ltr'><strong>nudos</strong></span> <span class='ocrx_word' id='word_1_258' title='bbox 814 3284 844 3336; x_wconf 93' lang='lat' dir='ltr'><strong>in</strong></span> <span class='ocrx_word' id='word_1_259' title='bbox 861 3284 943 3339; x_wconf 90' lang='lat' dir='ltr'><strong>litore</strong></span> <span class='ocrx_word' id='word_1_260' title='bbox 959 3284 1055 3354; x_wconf 86' lang='lat' dir='ltr'><strong>pisces,</strong></span> 
     </span>
    </p>

    <p class='ocr_par' dir='ltr' id='par_1_4' title="bbox 368 3356 1033 3429">
     <span class='ocr_line' id='line_1_38' title="bbox 368 3356 1033 3429; baseline 0.009 -22"><span class='ocrx_word' id='word_1_261' title='bbox 368 3356 457 3423; x_wconf 74' lang='lat' dir='ltr'><strong>Ante,</strong></span> <span class='ocrx_word' id='word_1_262' title='bbox 476 3363 638 3428; x_wconf 85' lang='lat' dir='ltr'><strong>pererratis</strong></span> <span class='ocrx_word' id='word_1_263' title='bbox 656 3363 806 3418; x_wconf 87' lang='lat' dir='ltr'><strong>amborum</strong></span> <span class='ocrx_word' id='word_1_264' title='bbox 824 3361 936 3429; x_wconf 80' lang='lat' dir='ltr'><strong>finibus,</strong></span> <span class='ocrx_word' id='word_1_265' title='bbox 952 3360 1033 3415; x_wconf 75' lang='lat' dir='ltr'><strong>exsul</strong></span> 
     </span>
    </p>

    <p class='ocr_par' dir='ltr' id='par_1_5' title="bbox 364 3425 1211 3588">
     <span class='ocr_line' id='line_1_39' title="bbox 364 3425 1211 3507; baseline -0.001 -26"><span class='ocrx_word' id='word_1_266' title='bbox 364 3425 425 3483; x_wconf 58' lang='lat' dir='ltr'><strong>tut</strong></span> <span class='ocrx_word' id='word_1_267' title='bbox 439 3433 566 3491; x_wconf 78' lang='lat' dir='ltr'><strong>Ararim</strong></span> <span class='ocrx_word' id='word_1_268' title='bbox 588 3438 719 3496; x_wconf 87' lang='lat' dir='ltr'><strong>Parthus</strong></span> <span class='ocrx_word' id='word_1_269' title='bbox 739 3440 834 3507; x_wconf 82' lang='lat' dir='ltr'><strong>bibet,</strong></span> <span class='ocrx_word' id='word_1_270' title='bbox 851 3442 905 3494; x_wconf 86' lang='lat' dir='ltr'><strong>aut</strong></span> <span class='ocrx_word' id='word_1_271' title='bbox 922 3434 1079 3494; x_wconf 76' lang='lat' dir='ltr'><strong>Germania</strong></span> <span class='ocrx_word' id='word_1_272' title='bbox 1089 3432 1211 3497; x_wconf 58' lang='lat' dir='ltr'><strong>diarum,</strong></span> 
     </span>
     <span class='ocr_line' id='line_1_40' title="bbox 382 3512 1086 3588; baseline -0.003 -26"><span class='ocrx_word' id='word_1_273' title='bbox 382 3513 440 3557; x_wconf 67' lang='lat' dir='ltr'><strong>Dm</strong></span> <span class='ocrx_word' id='word_1_274' title='bbox 460 3514 574 3568; x_wconf 85' lang='lat' dir='ltr'><strong>nostro</strong></span> <span class='ocrx_word' id='word_1_275' title='bbox 590 3515 675 3573; x_wconf 84' lang='lat' dir='ltr'><strong>illius</strong></span> <span class='ocrx_word' id='word_1_276' title='bbox 695 3518 820 3574; x_wconf 88' lang='lat' dir='ltr'><strong>labatur</strong></span> <span class='ocrx_word' id='word_1_277' title='bbox 839 3519 961 3588; x_wconf 85' lang='lat' dir='ltr'><strong>pectore</strong></span> <span class='ocrx_word' id='word_1_278' title='bbox 978 3512 1086 3567; x_wconf 77' lang='lat' dir='ltr'><strong>uoltus.</strong></span> 
     </span>
    </p>

    <p class='ocr_par' dir='ltr' id='par_1_6' title="bbox 418 3578 1117 3653">
     <span class='ocr_line' id='line_1_41' title="bbox 418 3578 1117 3653; baseline -0.006 -7"><span class='ocrx_word' id='word_1_279' title='bbox 418 3578 448 3634; x_wconf 58' lang='grc' dir='ltr'><strong>[ί</strong></span> <span class='ocrx_word' id='word_1_280' title='bbox 464 3599 526 3642; x_wconf 74' lang='lat'><strong>110³</strong></span> <span class='ocrx_word' id='word_1_281' title='bbox 547 3590 625 3649; x_wconf 83' lang='lat' dir='ltr'><strong>lrr‘nc</strong></span> <span class='ocrx_word' id='word_1_282' title='bbox 645 3594 700 3652; x_wconf 80' lang='lat' dir='ltr'><strong>atii</strong></span> <span class='ocrx_word' id='word_1_283' title='bbox 722 3596 861 3653; x_wconf 82' lang='lat' dir='ltr'><strong>sitientis</strong></span> <span class='ocrx_word' id='word_1_284' title='bbox 879 3592 996 3649; x_wconf 86' lang='lat' dir='ltr'><strong>ibimus</strong></span> <span class='ocrx_word' id='word_1_285' title='bbox 1019 3587 1117 3642; x_wconf 68' lang='lat' dir='ltr'><strong>arros,</strong></span> 
     </span>
    </p>
   </div>
   <div class='ocr_carea' id='block_1_3' title="bbox 0 0 1642 4159">
    <p class='ocr_par' dir='ltr' id='par_1_7' title="bbox 0 0 1642 4159">
     <span class='ocr_line' id='line_1_42' title="bbox 0 0 1642 4159; baseline 0 0"><span class='ocrx_word' id='word_1_286' title='bbox 0 0 1642 4159; x_wconf 95' lang='lat' dir='ltr'><strong> </strong></span> 
     </span>
    </p>
   </div>
  </div>
 </body>
</html>
