3242 4159
659 525 734 572 AEN
738 523 845 572 ainos
862 523 932 571 LIB.
951 523 989 573 ΙΙ.
1206 524 1250 570 111

388 607 504 677 Incipio
520 619 604 674 super
618 603 675 658 his:
694 604 819 672 Iuvenes,
836 602 984 657 fortissima
1000 603 1102 657 fmstm

388 683 522 750 Pectora,
539 681 564 736 si
581 680 658 738 vebis
674 680 823 734 audentem
840 683 964 734 extrema
981 679 1079 747 cupide

388 759 483 816 Certa
499 757 585 828 sequi,
603 757 729 826 quaesit
747 756 829 810 rebus
847 757 957 810 fortuna
974 756 1087 811 videtis:
1215 771 1252 809 ase

387 835 547 892 Excessere
564 850 666 900 omnes,
685 832 775 901 adytis
792 833 902 901 arisque
919 832 1031 899 relictis,

388 911 438 979 Di,
457 910 558 980 quibus
573 909 708 978 inperium
726 909 776 962 hoe
794 912 926 974 steterat3
943 907 1101 962 succurritis
1118 907 1180 961 urbi

388 987 543 1052 Incensae;
560 986 715 1051 moriamur,
734 989 762 1038 et
780 985 808 1037 ia
826 984 917 1038 media
934 1001 1011 1038 arma
1028 1000 1145 1038 ruamus.

364 1127 376 1138 „
388 1064 460 1118 Una
477 1062 551 1116 salus
564 1062 654 1127 uictis,
672 1061 774 1115 nullam
792 1077 903 1128 sperare
920 1061 1043 1115 salutem.

361 1157 365 1164 ·
387 1137 441 1194 Sic
452 1138 551 1192 animis
562 1138 689 1191 iuvenum
700 1133 776 1190 furer
788 1136 906 1191 additus.
944 1137 1022 1205 Inde,
1034 1137 1092 1204 lupi
1105 1151 1155 1189 eeu
1216 1150 1252 1189 aee

388 1215 535 1283 Raptores
552 1216 614 1268 atra
630 1213 659 1266 in
676 1212 783 1280 nebula,
802 1229 871 1282 ques
890 1212 1004 1279 inproba
1021 1212 1125 1265 ventris

388 1290 499 1358 Exegit
516 1305 611 1344 caecos
628 1288 726 1356 rabies,
744 1288 883 1357 catulique
901 1289 991 1342 relicti
1109 1333 1112 1337 .

388 1365 533 1420 Faucibus
549 1368 712 1434 exspectant
729 1364 814 1429 siccis,
833 1380 883 1431 por
901 1364 965 1431 tela,
982 1381 1032 1433 per
1050 1364 1136 1417 hostis

387 1441 531 1496 Vadimus
548 1440 624 1495 haud
641 1440 753 1494 dubiam
766 1440 795 1492 in
809 1443 935 1506 mertem,
951 1440 1112 1507 mediaeque
1127 1443 1251 1492 tenemus

387 1516 482 1571 Urbis
499 1517 567 1583 iter;
583 1533 638 1570 nox
655 1520 717 1570 atra
733 1532 799 1571 cava
815 1516 991 1570 circumvolat
1009 1515 1111 1569 umbra
1216 1527 1253 1567 eeo

389 1593 466 1659 Quis
482 1593 588 1647 ebdom
605 1592 678 1646 illius
695 1592 790 1655 noctis,
808 1592 869 1659 quis
887 1592 984 1645 iunera
1001 1592 1083 1648 fetido

389 1669 530 1737 Explicet,
548 1671 597 1724 aut
615 1668 701 1736 possit
719 1667 838 1722 lacrimis
856 1684 975 1735 aequare
993 1667 1119 1721 labores?

389 1744 473 1798 Urbs
490 1744 603 1813 antiqua
620 1743 684 1809 ruit,
702 1743 802 1797 multos
820 1743 958 1796 dominata
975 1760 1025 1811 per
1042 1758 1142 1805 annos3

389 1820 519 1874 Plurima
535 1835 640 1888 perque
657 1819 715 1872 rias
733 1820 893 1872 sternuntur
910 1818 1010 1871 inertia
1027 1817 1129 1885 passim

388 1895 519 1964 Corpora
536 1911 641 1963 perque
661 1895 755 1948 domes
773 1897 803 1947 et
821 1891 948 1960 religiosa
965 1892 1080 1947 deorum
1216 1908 1252 1946 aas

388 1969 511 2026 Limine.
537 1970 597 2024 Nee
614 1969 665 2024 seli
681 1986 784 2038 peenas
801 1968 869 2022 dant
887 1968 1017 2037 sanguine
1035 1968 1145 2036 Teucri3

389 2046 540 2111 Quondam
558 2046 643 2100 etiam
660 2045 738 2099 victis
756 2045 831 2099 redit
848 2044 877 2098 in
894 2045 1055 2113 praecordia
1072 2047 1160 2100 uatus

388 2122 580 2191 Victoresque
597 2121 699 2175 cadunt
718 2120 813 2174 Danai.
850 2120 976 2175 Crudelis
994 2122 1097 2191 ubique

389 2198 508 2265 Luctus,
524 2197 626 2266 ubique
643 2213 735 2265 pavor,
754 2200 784 2250 et
800 2196 919 2265 plurima
936 2198 1032 2251 trientis
1050 2199 1150 2266 iarnage-

430 2272 539 2327 Primus
557 2289 594 2339 se,
613 2273 737 2326 Danaum
756 2289 857 2340 magua
875 2273 1022 2327 comitante
1040 2278 1157 2339 caterva,
1213 2287 1250 2327 :ue

390 2347 560 2416 Androgeos
577 2348 658 2401 effert
675 2347 760 2416 nobis,
777 2348 851 2401 secia
863 2349 977 2415 ‘amitina
995 2350 1109 2403 eredens

390 2424 511 2492 Inscius,
527 2427 610 2492 atque
627 2424 701 2477 ultro
718 2423 808 2478 verbis
827 2424 972 2489 compellat
990 2424 1097 2478 alaricis:

390 2500 545 2566 Festinato,
563 2500 621 2554 viri.
657 2500 729 2553 Nam
748 2516 819 2569 quae
836 2502 894 2552 tam
912 2516 973 2553 sera
991 2502 1113 2552 moratur

391 2576 550 2644 Segnitiest
568 2575 615 2629 alii
632 2576 744 2644 rapiunt
762 2577 871 2628 incensa
889 2575 1037 2643 feruntque

391 2653 547 2719 Pergama3
564 2667 612 2704 vos
629 2651 709 2704 celsis
726 2667 797 2704 nunc
816 2651 933 2719 primum
952 2667 969 2704 a
986 2651 1101 2705 navibus
1118 2651 1173 2706 itis.
1216 2665 1251 2704 375

392 2727 483 2794 Dixit,
502 2730 531 2781 et
549 2727 695 2795 extemplo,
714 2743 802 2794 neque
821 2726 893 2780 enan
912 2744 1043 2795 responsa
1060 2728 1196 2781 dabantur

393 2802 468 2857 Fida
485 2803 560 2869 satis,
577 2803 663 2856 sensit
680 2802 785 2856 medios
803 2803 932 2871 delapsus
949 2804 977 2857 in
995 2805 1089 2859 hostis.

390 2877 546 2947 Obstipuit,
563 2882 693 2946 retroque
711 2878 811 2945 pedem
830 2895 891 2931 cum
909 2896 974 2934 rece
992 2882 1131 2950 repressit.

391 2954 572 3024 Inprorisum
590 2955 677 3023 aspris
695 2954 780 3008 veluti
798 2955 845 3022 qui
863 2955 986 3009 sentibus
1004 2973 1120 3024 artguem

392 3031 502 3086 Pressit
519 3031 597 3084 humi
615 3032 714 3097 nitens,
733 3030 913 3099 trepidusque
931 3036 1044 3099 repente
1062 3032 1164 3097 refugit
1216 3046 1252 3082 ase

391 3107 581 3164 Attollentem
599 3107 653 3160 iras
671 3110 700 3160 et
718 3106 828 3160 casuale
845 3107 912 3160 colla
930 3110 1097 3170 tumente111;

391 3183 482 3239 Hand
500 3199 579 3237 secus
598 3183 761 3249 Androgeos
779 3182 839 3234 visu
857 3183 1032 3235 tremefactus
1051 3180 1150 3235 abibat

391 3260 543 3326 Inruimus,
562 3258 654 3312 densis
673 3260 703 3312 et
721 3256 963 3311 circumfundimur
980 3258 1071 3323 armis,

391 3337 569 3404 Ignarosque
587 3335 638 3388 loci
655 3333 758 3403 passim
776 3336 805 3386 et
823 3332 967 3386 formidine
984 3336 1077 3401 captes

391 3411 559 3468 Sternimus.
594 3409 731 3479 Adspirat
748 3408 839 3480 prime
856 3408 970 3464 fortuna
984 3409 1084 3464 taburi.
1220 3420 1265 3457 asu

382 3487 484 3551 Atque
499 3485 546 3538 lu‘c
561 3502 693 3541 successu
712 3486 860 3544 exstrltans
880 3487 1044 3559 animusque
1061 3483 1223 3544 doroebwet

372 3557 400 3606 0
414 3556 491 3621 ⁸⁰05,
511 3576 568 3626 qua
584 3561 687 3630 prima,
707 3563 818 3638 inquit,
836 3567 962 3626 fortuna
980 3563 1088 3624 seinte
