3242 4159
640 531 825 582 AENEIDOS
840 532 910 583 LIB.
927 532 994 584 vn.
1046 544 1050 553 “
1189 534 1238 583 209

381 618 597 687 Instituuntque
614 616 705 689 dapes,
724 621 753 672 et
770 618 873 673 adorea
888 619 944 673 liba
959 634 1011 688 per
1025 616 1141 674 herbam

382 677 540 751 subiiciunt
557 693 726 763 epulis—sio
745 695 871 763 Iuppiter
887 695 934 748 ifle
951 695 1116 749 monebat-
1201 710 1239 752 11⁰

384 773 423 825 Et
441 770 555 825 Cereale
572 771 658 824 solnm
676 771 764 839 pomis
783 770 938 838 agrestibus
955 774 1063 838 augent

383 846 561 916 Consumptis
577 846 622 899 hie
639 847 711 901 forte
728 847 795 914 aliis,
813 850 845 900 ut
862 851 971 902 vertere
988 864 1094 902 morsus

387 924 521 991 llxigrram
538 924 566 977 in
585 922 713 977 Cererem
731 924 846 992 penuria
863 923 957 991 adegIt
975 924 1077 978 edendi

384 998 422 1053 llt
439 999 542 1054 violare
559 1016 641 1052 manu
659 998 793 1066 malisque
811 999 960 1053 audacibus
977 999 1071 1053 orbem

385 1076 490 1129 Fatalis
507 1076 592 1129 amnti
608 1075 710 1143 patulis
727 1091 778 1128 nee
795 1091 908 1145 parcere
927 1074 1046 1144 quadris,
1202 1090 1239 1131 111

385 1151 474 1219 Heus,
491 1151 574 1206 etiam
592 1167 700 1204 mensas
717 1151 913 1205 consumimus!
935 1151 1025 1220 inquit
1044 1151 1135 1217 Iulus3

385 1227 445 1280 Nec
462 1228 541 1296 plura
557 1226 700 1281 adludens.
736 1228 777 1280 Ea
794 1244 846 1281 vox
864 1226 959 1281 audita
976 1227 1099 1281 laborum

386 1302 481 1355 Prima
497 1303 562 1357 tulit
579 1304 669 1371 finem,
687 1302 859 1372 primamque
876 1303 1013 1372 loquentis
1030 1303 1066 1356 ab
1083 1320 1132 1357 ore

385 1377 495 1447 Eripuit
512 1383 598 1448 pater,
616 1395 648 1432 ac
665 1379 833 1450 stupefactus
850 1380 961 1433 numius
978 1378 1087 1447 pressit.

385 1453 531 1523 Continuo,
550 1455 629 1510 Salve
645 1455 710 1508 fatis
727 1455 794 1507 mihi
813 1455 907 1509 debita
924 1455 1023 1522 Tellus,
1200 1469 1238 1509 111

385 1529 508 1599 Vosque,
526 1531 572 1598 ait,
591 1548 607 1584 o
625 1531 674 1583 fidi
692 1531 788 1584 Troiae
806 1531 910 1585 salvete
928 1531 1059 1585 Penates:

386 1605 442 1661 llio
454 1606 559 1674 domus,
570 1607 638 1661 haec
651 1608 741 1676 patria
755 1611 804 1660 est.
825 1607 940 1661 Genitor
952 1608 1019 1661 mihi
1030 1607 1096 1661 talia
1109 1622 1236 1677 namque,

386 1684 412 1737 N
414 1699 467 1737 une
483 1686 586 1755 repeto,
606 1683 740 1736 Anchises
757 1684 876 1737 futorum
893 1699 991 1736 arcana
1008 1682 1133 1751 reliquit:

386 1760 457 1814 Cum
474 1762 512 1826 te,
530 1762 602 1825 nate,
621 1758 707 1812 fames
724 1760 819 1825 ignota
836 1758 873 1811 ad
889 1758 970 1811 litora
988 1763 1098 1813 vectum

385 1834 493 1889 Accisis
510 1837 590 1901 coget
607 1833 723 1902 dapibus
740 1850 900 1887 consumere
918 1850 1033 1901 mensas,
1199 1848 1236 1886 12⁵

385 1910 456 1963 Tum
473 1926 585 1978 sperare
602 1909 697 1962 domos
715 1909 839 1963 defessus
855 1909 948 1978 ibique
965 1911 1103 1963 memento

387 1985 481 2039 Prima
497 1985 587 2039 locare
604 2001 686 2038 manu
703 1984 845 2053 molirique
863 2001 962 2052 aggere
980 1988 1062 2039 tecta

388 2062 465 2115 Haec
482 2064 543 2115 erat
559 2060 607 2113 illa
622 2061 723 2125 fames;
742 2061 810 2114 haec
828 2077 878 2113 nos
895 2077 1024 2130 suprema
1040 2062 1177 2131 manebat,

387 2136 486 2190 Exitiis
503 2136 624 2204 positura
641 2135 759 2189 medum.

386 2211 478 2275 Quare
495 2210 569 2279 agite
586 2215 615 2265 et
632 2212 720 2279 primo
737 2212 803 2265 laeti
821 2230 883 2266 cum
901 2213 1002 2268 lumine
1020 2214 1091 2280 solis,
1198 2228 1235 2268 1³0

386 2288 464 2353 Quae
479 2286 546 2354 loca,
564 2287 644 2353 quive
662 2286 781 2340 habeant
798 2288 929 2356 homines,
946 2289 994 2342 ubi
1011 2289 1118 2343 moenia
1135 2291 1234 2358 gentis,

387 2362 568 2430 vestigemus,
585 2366 614 2415 et
631 2379 648 2415 a
665 2366 747 2430 portu
765 2363 873 2416 diversa
889 2368 1022 2431 petamus.

379 2437 466 2491 ‘Nunc
483 2441 593 2506 pateras
609 2437 694 2491 libate
713 2438 780 2505 Iovi,
797 2438 978 2506 precibusque
995 2442 1091 2493 vocate

387 2514 524 2569 Anchisen
541 2514 699 2581 genitorem
717 2517 747 2567 et
764 2514 828 2566 vina
844 2513 968 2581 reponite
985 2514 1094 2567 mensis

385 2591 429 2644 sic
447 2590 548 2644 deinde
565 2590 662 2643 effatus
679 2589 818 2643 frondenti
836 2593 961 2657 tempora
977 2605 1053 2643 ramo
1197 2605 1233 2645 131

386 2666 512 2735 Inplicuit,
529 2669 559 2720 et
577 2667 748 2733 Geniumque
765 2665 817 2718 Ioci
835 2666 1004 2733 primamque
1022 2665 1135 2720 deorum

385 2742 520 2795 'l'ellurem
538 2742 732 2810 Nymphasque
750 2745 780 2795 et
797 2741 887 2795 adhuc
904 2740 998 2809 ignota
1014 2747 1144 2810 precatur

385 2818 518 2884 Flumina,
536 2821 596 2871 tum
614 2818 728 2870 Noctem
747 2815 897 2885 Noctisque
914 2818 1031 2871 orientia
1048 2818 1131 2886 Signa

386 2894 556 2961 Idaeumque
575 2893 669 2946 Iovem
689 2893 889 2961 Phrygiamque
908 2910 942 2947 ex
959 2894 1055 2947 ordine
1072 2895 1191 2949 Matrem

386 2971 506 3036 Invocat,
516 2972 555 3022 ¹et
572 2968 687 3036 duplicis
705 2968 841 3036 Caeloque
860 2969 1003 3037 Ereboque
1021 2975 1155 3038 parentes
1197 2984 1233 3023 111

384 3046 440 3098 Hic
457 3048 539 3114 pater
556 3045 726 3112 omnipotens
744 3049 788 3097 ter
806 3044 880 3097 caelo
898 3045 986 3097 clarus
1003 3046 1039 3098 ab
1056 3046 1112 3098 alto

385 3120 519 3188 Intonuit,
536 3120 677 3189 radiisque
695 3119 839 3173 ardentem
857 3119 924 3172 lucis
942 3123 971 3174 et
989 3137 1055 3173 auro

383 3198 450 3265 lpse
467 3213 551 3251 manu
569 3196 694 3264 quatiens
712 3195 833 3249 ostendit
851 3194 886 3247 ab
903 3195 1014 3248 aethere
1031 3196 1139 3249 nubem.

383 3272 497 3326 Diditur
514 3272 558 3326 hie
575 3271 665 3325 subito
683 3271 799 3324 Troiana
816 3286 867 3339 per
883 3270 991 3337 agmina
1007 3288 1106 3338 rumor,

382 3347 539 3403 Advenisse
556 3347 637 3414 diem,
655 3364 709 3416 que
727 3347 823 3399 debita
840 3345 947 3399 moenia
964 3346 1087 3400 condant.
1197 3360 1234 3401 141

382 3423 516 3477 Certatim
532 3423 688 3477 instaurant
705 3421 809 3491 epulas,
827 3425 913 3492 atque
930 3422 1023 3477 emine
1037 3438 1143 3491 magne

372 3496 502 3547 Crateras
516 3497 587 3550 laeti
603 3501 737 3554 statuunt
754 3504 786 3555 et
804 3500 872 3556 vina
890 3504 1041 3557 coronant.

391 3566 512 3621 Postera
528 3586 594 3626 eum
609 3575 709 3641 prima
728 3577 883 3638 lustrabat
900 3579 1046 3651 lampade
1062 3579 1167 3633 anm
