3242 4159
398 530 429 577 32
624 525 655 574 P.
673 524 828 573 VERGILI
845 522 1012 572 MARONIS

353 633 359 637 ·
395 608 517 677 Stuppea
533 608 709 676 torquentem
727 606 850 661 Balearis
867 606 983 660 verbera
998 605 1108 674 fundae,

396 684 464 739 (lum
481 684 529 737 nix
547 683 604 737 alta
619 684 698 750 iacet,
716 683 831 751 glaciem
848 698 910 736 cum
927 682 1039 735 flumina
1056 682 1183 737 trudunt
1215 698 1257 739 aro

431 759 503 824 Quid
521 762 701 827 tempestates
720 759 844 832 autumni
862 761 891 812 et
909 758 1000 811 sidera
1018 758 1114 824 dicam,

395 835 497 905 Atque,
514 834 561 888 ubi
578 836 631 887 iam
650 834 814 902 breviorque
831 834 891 887 dies
909 837 939 887 et
955 833 1062 886 mollior
1079 838 1181 905 aeetae,

395 910 472 976 Quae
489 909 624 978 vigilanda
641 909 722 963 virisl
741 910 785 963 vel
803 925 865 963 cum
882 910 939 963 ruit
955 909 1125 961 imbriferum
1143 926 1202 975 rer,

394 986 491 1055 Spicea
506 986 561 1039 iam
578 986 680 1053 campis
698 1002 760 1039 cum
776 985 873 1039 messis
890 984 1032 1052 inhorruit,
1050 987 1080 1037 et
1097 1001 1160 1039 cum

395 1060 546 1115 Frumento
562 1062 591 1115 in
608 1061 689 1115 viridi
709 1060 809 1129 stipula
828 1061 959 1114 lactentia
975 1061 1105 1127 turgenti
1203 1076 1254 1117 vers

394 1136 483 1205 Saepe
500 1152 559 1205 ego,
577 1154 639 1191 cum
656 1137 733 1191 flavis
750 1152 899 1191 messorem
916 1136 1060 1189 induceret
1077 1136 1149 1189 arvis

394 1213 524 1281 Agricola
540 1216 570 1267 et
587 1213 677 1281 fragili
694 1213 757 1266 iam.
768 1213 917 1280 stringeret
933 1210 1037 1264 hordea
1053 1211 1150 1280 culmo,

395 1288 492 1343 Omnia
508 1292 654 1344 ventorum
671 1304 833 1342 concurrere
850 1287 953 1357 proelia
969 1286 1033 1355 vidi,

395 1364 471 1428 Quae
487 1365 628 1433 gravidam
646 1365 702 1418 late
720 1368 842 1432 segetem
859 1364 895 1417 ab
913 1362 1051 1415 radicibus
1067 1361 1131 1416 imis

394 1439 543 1493 Sublimem
561 1441 702 1509 expulsam
719 1443 863 1505 eruerent3
881 1440 922 1493 ita
939 1438 1050 1492 turbine
1067 1438 1146 1507 nigro
1210 1457 1252 1497 aaa

394 1514 492 1569 Ferret
505 1516 611 1583 hiemps
625 1515 797 1584 culmumque
811 1515 900 1571 levem
915 1514 1085 1583 stipulasque
1099 1515 1231 1575 volantis.

393 1590 481 1658 Saepe
498 1591 582 1645 etiam
597 1592 749 1643 inmensum
767 1591 842 1644 caelo
859 1592 934 1645 veuit
954 1607 1053 1659 agmen
1074 1607 1217 1661 aquarum,

393 1667 431 1721 llt
448 1666 557 1721 foedam
574 1667 727 1735 glomerant
744 1668 940 1735 tempestatem
956 1665 1090 1720 imbribus
1107 1667 1177 1722 atris

393 1744 531 1799 collectae
549 1759 584 1797 ex
604 1743 660 1797 alto
679 1743 782 1810 nubes3
799 1743 856 1796 ruit
873 1742 975 1796 arduus
993 1742 1097 1811 aether,

392 1818 431 1873 m
446 1820 537 1889 pluvia
553 1820 657 1888 ingenti
675 1823 736 1874 sata
751 1818 826 1873 laeta
843 1818 981 1887 boumque
998 1817 1105 1872 labores
1209 1834 1249 1875 825

392 1894 492 1960 Diluit;
515 1895 654 1963 inplentur
671 1895 767 1962 fossae,
786 1897 816 1949 et
833 1911 900 1949 cava
916 1895 1028 1948 flumina
1044 1897 1172 1950 crescunt

392 1968 461 2024 Sum
479 1970 576 2037 sonitu,
594 1970 737 2037 fervetque
754 1971 834 2024 iretis
851 1970 1018 2039 spirantibus
1034 1986 1145 2039 aequor.

391 2044 458 2114 Ipse
476 2045 560 2099 Pater
576 2045 668 2099 media
684 2043 839 2099 nimborum
856 2046 884 2098 in
901 2049 984 2100 nocte
999 2061 1111 2100 corusca

392 2120 518 2174 Fulmina
534 2121 645 2175 molitur
663 2121 777 2186 dextra3
800 2138 855 2190 quo
872 2137 1000 2175 maxuma
1016 2124 1093 2175 motu

391 2195 477 2251 Terra
493 2198 595 2262 tremit,
611 2198 707 2264 fugere
723 2197 806 2265 ierac,
824 2200 854 2251 et
871 2196 997 2250 mortalia
1014 2197 1099 2250 corda
1206 2211 1247 2251 aas

392 2271 446 2326 Per
463 2273 553 2341 gentis
570 2269 678 2326 humilis
695 2273 792 2327 stravit
810 2288 910 2341 pavor3
930 2272 977 2326 ille
995 2272 1123 2341 flagranti

391 2347 451 2401 Aut
470 2348 572 2415 Athon,
589 2351 638 2402 aut
657 2347 818 2417 Rhodopen,
836 2351 885 2402 aut
902 2349 960 2402 alta
978 2349 1114 2404 (leraunia
1130 2349 1188 2403 telo

390 2421 504 2490 Deiicit;
526 2425 694 2493 ingeminant
711 2424 799 2479 austri
817 2426 848 2478 et
864 2424 1042 2478 densissimus
1058 2424 1162 2492 imber;

389 2497 470 2553 Nunc
486 2517 599 2554 nemora
614 2500 826 2570 ingentipento,
843 2517 915 2554 nuuc
931 2500 1013 2554 litora
1029 2500 1174 2569 plangunt,

390 2572 452 2628 Hoc
468 2579 600 2644 metuens,
617 2575 685 2629 caeli
701 2592 809 2631 menses
826 2579 856 2630 et
872 2576 964 2630 sidera
981 2592 1067 2645 serva,
1204 2591 1245 2630 aas

389 2646 503 2717 Frigida
520 2651 630 2704 Saturni
648 2666 708 2704 sese
725 2667 778 2719 quo
797 2652 877 2706 stella
893 2655 1024 2719 receptet,
1128 2710 1131 2716 ,

391 2722 465 2789 Quos
484 2724 555 2791 ignis
574 2725 642 2779 caeli
661 2725 796 2794 Cyllenius
815 2730 890 2781 erret
906 2728 936 2781 in
953 2726 1033 2781 orbis.

388 2796 424 2853 In
440 2799 535 2868 primis
551 2815 683 2854 venerare
701 2799 774 2869 deos,
793 2805 878 2871 atque
895 2820 986 2857 annua
1001 2818 1117 2871 magnae

387 2874 471 2929 Sacra
487 2876 561 2930 refer
578 2876 672 2930 Cereri
688 2876 768 2931 laetis
786 2882 915 2947 operatus
931 2880 960 2931 in
977 2877 1078 2945 herbis,

364 3018 367 3025 Ι
386 2948 536 3006 Extremae
554 2951 605 3005 sub
622 2968 715 3007 casum
732 2952 836 3021 hiemis,
853 2954 908 3007 iam
925 2970 991 3008 vere
1008 2970 1111 3008 sereno.
1202 2970 1244 3011 aso

386 3025 455 3080 'lum
472 3027 587 3097 pingues
606 3028 676 3096 agni,
694 3032 800 3083 et'tum
817 3029 976 3083 mollissima
992 3030 1069 3096 viua;

386 3100 455 3155 'lum
473 3104 559 3157 somni
576 3103 671 3158 dulces
689 3104 845 3174 densaeque
861 3106 889 3158 in
907 3105 1046 3159 montibus
1062 3105 1184 3161 umbrae.

386 3175 491 3230 Cuncta
507 3179 558 3232 tibi
577 3179 705 3234 Cererem
723 3181 810 3250 pubes
828 3181 946 3249 agrestis
963 3182 1069 3250 adoret,

385 3250 435 3304 Oui
452 3255 484 3304 tu
501 3252 572 3308 lacte
589 3255 665 3309 favos
682 3260 712 3311 et
727 3257 789 3310 miti
807 3257 882 3311 dilue
900 3257 1016 3324 Baccho,

375 3323 485 3411 Perque
500 3345 588 3386 novas
607 3332 711 3387 circum
727 3333 796 3388 felix
813 3336 862 3389 eat
875 3333 970 3388 hostia
982 3333 1089 3399 trugas,
1202 3347 1243 3387 sss

359 3395 462 3451 Omnis
478 3418 567 3469 quam
587 3409 695 3465 chorus
712 3409 744 3467 et
764 3412 835 3467 socii
852 3410 1024 3466 comitentur
1043 3407 1169 3467 ouantes,

346 3465 384 3518 Et
406 3471 548 3535 Cererem
570 3486 706 3545 elamore
723 3493 835 3545 vocent
852 3488 886 3544 in
900 3488 1002 3551 team
1017 3492 1116 3546 mlle
1131 3479 1202 3526 m

346 3537 453 3603 lulcem
474 3560 615 3619 matum
635 3549 807 3639 quiquam
827 3564 984 3637 supponat
999 3554 1115 3616 aristis,
