3242 4159
388 529 438 577 268
625 528 654 578 Ρ.
672 522 828 574 VERGILI
844 523 1020 573 MARONIS'·

389 604 516 674 Tydides
553 604 689 675 Equidem
706 603 797 670 eredo,
816 618 878 656 mea
893 602 1006 659 volnera
1021 606 1139 670 restant,

390 681 428 734 Iit
446 685 496 735 tua
512 682 658 751 progenies
675 678 802 734 mortalia
820 678 948 732 demoror
964 684 1059 735 arma!
1217 690 1240 731 ao

391 756 421 811 Si
439 756 583 825 sine·paoe
600 761 650 812 tua
667 759 751 826 atque
768 753 856 808 invito
873 754 986 810 numine
1004 757 1092 812 Troes

391 832 503 886 Italiam
520 833 643 902 petiere:
661 832 741 886 luant
757 833 877 900 peeeata,
895 846 986 900 neque
1002 831 1066 886 illos

391 906 499 962 iuveris
517 909 633 963 auxilio:
652 908 694 962 sin
712 910 755 961 tot
772 922 903 975 responsa
920 908 1016 976 secuti,
1162 933 1165 939 ·

391 983 468 1047 Quae
481 984 578 1053 Superi
590 984 742 1051 Manesque
754 981 858 1037 dabant
869 1002 876 1037 :
887 998 937 1037 eur
951 1000 1025 1037 nune
1035 985 1087 1038 tua
1097 982 1239 1052 quisquam
1269 1003 1273 1010 ·

391 1059 511 1114 Vertere
528 1060 602 1113 iussa
619 1060 731 1128 potasti
749 1061 798 1112 aut
816 1075 865 1111 eur
881 1074 953 1113 nova
969 1053 1088 1113 (tondere
1106 1059 1185 1112 fatal
1217 1071 1240 1110 at

391 1134 465 1198 Quid
482 1138 606 1204 repetam
625 1137 737 1189 exustas
755 1133 871 1202 Erycino
888 1133 918 1187 in
934 1134 1016 1188 litore
1033 1133 1150 1189 elassis?

392 1209 466 1274 Quid
483 1212 682 1279 tempestatum
699 1226 801 1277 regem,
818 1213 971 1285 ventosque¹
986 1209 1105 1264 liuentis

392 1284 491 1340 Aeolia
508 1286 631 1341 excitos?
650 1288 698 1340 aut
715 1288 804 1339 aetam
822 1283 941 1339 nubibus
959 1285 1048 1341 Iriml

391 1360 418 1413 N
419 1378 472 1415 une
490 1362 574 1418 etiam
592 1360 786 1416 Manis-haee
802 1360 968 1429 intemptata
984 1359 1117 1414 manebat

391 1435 457 1490 Sors
474 1440 701 1505 rerum-movet,
720 1440 749 1490 et
767 1435 873 1504 superis
890 1436 1003 1489 inmissa
1020 1439 1139 1505 repente
1216 1448 1238 1487 n

391 1512 509 1581 Allecto,
526 1513 632 1567 medias
650 1513 753 1567 Italum
770 1511 903 1566 bacchata
919 1528 969 1581 per
985 1511 1077 1584 urbes

391 1586 439 1640 Nil
457 1604 539 1656 super
556 1588 661 1657 inperio
678 1602 806 1651 moveor3
824 1588 992 1656 speravimus
1009 1586 1072 1655 ista,

391 1662 465 1717 Dum
481 1665 592 1718 fortuna
609 1664 679 1729 fuit;
696 1662 814 1729 uncant,
832 1678 901 1731 quos
917 1662 1026 1717 vineere
1043 1664 1139 1718 mavis

391 1737 420 1791 Si
438 1739 513 1793 nulla
530 1743 574 1794 est
591 1739 675 1809 regio,
694 1738 804 1793 Teneris
823 1754 907 1807 quam
924 1737 974 1792 det
989 1739 1040 1792 tua
1055 1739 1176 1793 ooniunx

391 1812 475 1883 Dura,
493 1832 544 1885 per
561 1833 679 1885 eversae,
697 1814 813 1883 genitor,
830 1814 965 1869 fumantia
982 1814 1079 1869 Troiae
1217 1826 1239 1867 ss

391 1890 522 1945 Exseidia
539 1892 681 1947 obtestor:
698 1892 779 1946 hceat
797 1891 938 1945 dimittere
955 1890 991 1945 ab
1008 1890 1102 1947 armis.

390 1964 558 2021 Ineolumem
576 1969 733 2036 Ascanium,
751 1968 833 2022 lioeat
850 1983 993 2036 superesse
1010 1970 1150 2036 nepotem.

391 2044 501 2096 Aeneas
519 2058 584 2097 sano
602 2044 704 2110 ignotis
721 2044 840 2097 iaetetur
857 2042 886 2095 in
903 2042 993 2112 undis,

391 2117 435 2185 llt,
454 2133 641 2186 quaecumque
658 2118 730 2172 viam
748 2118 859 2173 dederit
876 2119 1007 2186 Fortuna,
1025 2122 1161 2187 sequatur
1171 2125 1188 2174 ι’

392 2192 474 2246 Hune
491 2195 587 2260 tegere
605 2197 635 2247 et
653 2193 730 2247 dirae
747 2194 853 2248 valeam
872 2193 1025 2248 subducere
1043 2211 1162 2263 pugnae.
1214 2206 1237 2247 aa

390 2268 442 2324 Est
461 2269 605 2337 Amathus,
624 2273 667 2325 est
684 2270 756 2324 celsa
773 2270 841 2323 mihi
860 2270 970 2339 Paphus
986 2273 1072 2339 atque
1090 2270 1215 2339 Cythera,

391 2345 552 2417 Idaliaeque
570 2347 683 2402 domus:
701 2345 799 2417 positis
816 2347 948 2414 inglorius
965 2346 1049 2400 armis

391 2420 493 2491 Exiget
510 2422 555 2477 hie
571 2440 678 2478 aevum.
714 2423 817 2490 Magna
835 2421 941 2476 dieione
958 2422 1053 2475 iubeto

392 2496 536 2568 Karthago
554 2503 663 2568 premat
681 2499 850 2563 Ausoniam;
867 2497 934 2551 nihil
952 2497 1066 2551 urbibus
1083 2496 1151 2551 inde

391 2575 522 2630 Obstabit
539 2576 634 2644 Tyriis.
670 2575 744 2640 Quid
760 2578 868 2643 pestem
885 2573 1003 2628 evadere
1020 2571 1088 2626 belli
1218 2586 1242 2626 ts

391 2650 467 2716 Iuvit
483 2654 514 2705 et
532 2651 675 2718 Argolicos
692 2650 814 2704 medium
831 2649 934 2719 fugisse
950 2666 1001 2718 per
1017 2648 1096 2716 ignis,

390 2725 497 2793 Totque
514 2726 598 2778 maris
615 2730 764 2794 vastaeque
783 2725 916 2780 exhausta
933 2725 1055 2795 pericula
1072 2726 1174 2791 terrae,

390 2799 464 2853 ilum
482 2800 592 2854 Latium
611 2799 707 2853 Teucri
725 2801 902 2871 recidivaque
921 2801 1056 2869 Pergama
1073 2801 1228 2869 quaerrmti

390 2875 416 2928 N
418 2892 453 2930 on
470 2876 563 2944 satius,
580 2875 687 2929 eineres
704 2876 810 2944 patriae
828 2876 960 2932 insedisse
978 2893 1120 2945 supremos

390 2952 486 3020 Atque
499 2952 593 3020 solum,
607 2968 661 3020 quo
674 2952 755 3005 Troia
766 2952 839 3007 fuiti
851 2952 993 3006 Xanthum
1003 2956 1035 3006 et
1050 2952 1193 3007 Simoenta
1215 2965 1239 3004 ω

390 3026 497 3099 Redde,
514 3045 569 3098 oro,
587 3028 702 3096 miseris,
720 3030 876 3097 iterumque
893 3029 1032 3083 revolvere
1049 3044 1129 3082 easns

389 3103 440 3172 Da,
457 3109 544 3174 pater,
564 3105 662 3159 iliacos
679 3105 798 3159 Teucris.
836 3105 905 3158 Tum
922 3122 1000 3173 regia
1018 3105 1089 3159 Iuno

389 3179 463 3234 Aeta
479 3182 572 3236 furore
589 3181 683 3249 gravi:
701 3180 774 3245 Quid
792 3197 837 3236 me
854 3181 911 3234 alta
928 3181 1037 3234 silentia
1054 3180 1129 3248 cogis

389 3252 530 3325 Rumpere
547 3260 577 3311 et
594 3257 744 3311 obductum
760 3256 853 3311 verbis
866 3256 976 3324 volgare
994 3256 1134 3311 dolorem?

389 3330 503 3384 Aenean
520 3332 659 3386 homiuum
678 3332 822 3402 quisquam
840 3332 987 3400 divomque
1004 3332 1115 3401 subegit
1215 3345 1238 3386 et

380 3403 462 3461 Bella
479 3408 567 3480 sequi,
586 3411 638 3466 aut
655 3408 766 3465 hostem
782 3409 845 3479 regi
861 3425 893 3462 se
906 3408 1011 3461 interro
1028 3408 1148 3462 Latino?

374 3480 486 3542 'taliam
501 3490 593 3561 petiit
611 3490 682 3547 fatis
701 3487 889 3553 auctoribus3
906 3487 985 3549 estn3

391 3566 547 3627 mandrae
566 3570 703 3647 inpulsus
723 3567 828 3625 stiriis:
844 3578 917 3619 num
929 3558 1065 3627 linquere
1081 3553 1178 3605 eastra
