3242 4159
379 535 427 586 184
619 530 648 578 Ρ.
667 529 822 578 VERGILI
838 529 970 579 MARON
972 531 1005 579 IS

380 610 524 678 Daedalus,
542 610 600 677 ipse
619 608 696 662 dolos
714 608 783 663 teeti
802 608 987 677 ambagesque
1004 610 1125 678 resolvit,

380 687 468 741 Caeca
485 702 581 752 regens
601 685 646 737 filo
664 684 787 752 vestigia.
824 684 866 736 Tu
883 701 993 753 quoque
1011 703 1140 753 magnam
1216 701 1243 743 ae

381 762 492 815 Partem
510 777 591 828 opero
609 761 637 812 in
656 763 741 826 tanto,
761 760 863 814 sineret
882 760 967 829 dolor,
987 761 1073 827 Icare,
1091 762 1219 818 haberes.

381 838 429 891 Bis
447 840 559 889 conatus
577 840 638 888 erat
656 851 734 887 casus
753 836 882 903 effingere
901 837 930 888 in
949 853 1030 903 auro;

381 914 430 967 Bis
448 912 552 982 patriae
571 910 695 964 cecidere
713 927 818 967 manus.
855 912 927 976 Quin
944 913 1070 980 protinus
1088 915 1184 969 omnia

381 988 558 1055 Perlegerent
576 986 667 1054 oculis,
686 988 713 1039 ni
731 987 785 1039 iani
804 989 970 1056 praemissus
989 989 1112 1043 Achates

383 1065 500 1118 adforet
517 1066 600 1131 atque
618 1079 672 1115 una
692 1063 795 1116 Phoebi
814 1064 976 1133 Triviaeque
994 1064 1128 1130 sacerdos,
1219 1082 1244 1121 aa

381 1139 522 1208 Deiphobe
541 1139 644 1207 Glauci,
663 1139 737 1192 fatur
757 1156 827 1207 quae
845 1140 910 1193 talia
930 1141 1002 1208 regi:

380 1215 443 1268 Non
461 1215 511 1267 hoc
529 1215 583 1268 ista
601 1215 652 1268 sibi
670 1220 780 1285 tempus
798 1217 953 1285 spectacula
969 1216 1072 1285 poscit;

381 1291 408 1344 N
410 1307 460 1345 unc
477 1308 561 1358 grege
579 1291 614 1344 do
632 1292 735 1346 intacto
754 1297 860 1362 septem
880 1296 1000 1346 mactare
1017 1293 1146 1345 iuvencos

382 1366 564 1433 Praestiterit,
583 1367 701 1420 totidem
719 1367 804 1421 lectas
824 1368 859 1421 de
878 1384 953 1421 more
972 1366 1099 1421 bidentis.

382 1443 492 1496 Talibus
510 1442 603 1496 adfata
622 1445 823 1496 Aenean—nee
841 1460 917 1497 sacra
935 1446 1077 1496 morantur
1219 1460 1245 1499 ao

383 1518 461 1571 Iussa
479 1518 683 1570 viri-Teucros
700 1524 779 1572 vocat
797 1519 853 1573 alta
870 1519 899 1572 in
916 1518 1020 1588 templa
1037 1518 1172 1574 sacerdos.

418 1595 545 1646 Excisum
565 1593 701 1647 Euboicae
719 1594 792 1648 latus
810 1594 999 1663 ingensrupis
1018 1594 1047 1647 in
1065 1598 1186 1664 antrum,

383 1670 442 1734 Quo
460 1670 508 1722 lati
528 1668 631 1723 ducunt
650 1669 741 1723 aditus
759 1675 877 1739 contum,
896 1671 966 1725 ostia
985 1674 1110 1735 centum3

382 1745 464 1799 Unde
482 1749 566 1799 ruunt
584 1746 703 1799 totidem
721 1763 807 1813 voees,
826 1764 957 1816 responsa
976 1746 1102 1815 Sibyllae.

383 1821 504 1875 Ventum
524 1827 584 1876 erat
603 1822 639 1875 ad
656 1823 748 1890 limen,
766 1840 828 1876 cum
847 1824 931 1891 virgo,
950 1823 1067 1876 Poscere
1085 1823 1145 1875 iata
1220 1838 1247 1878 4⁵

383 1898 508 1965 Tempus,
527 1898 580 1963 ait;
600 1898 676 1967 deus,
695 1915 765 1965 ecce,
785 1900 868 1954 deus!
908 1899 958 1953 Oui
976 1898 1043 1952 talia
1060 1897 1130 1952 fanti

383 1975 458 2032 Ante
475 1973 548 2026 iores
566 1972 657 2027 subito
675 1990 729 2026 non
747 1974 843 2042 voltus,
861 1992 916 2029 non
934 1975 1008 2028 color
1025 1991 1103 2041 unus,

383 2048 409 2101 N
411 2064 446 2100 on
464 2051 588 2114 comptae
607 2065 731 2102 mansero
750 2066 858 2116 eomae;
876 2050 927 2105 sed
943 2047 1041 2119 pectus
1060 2049 1199 2121 anhelum,

386 2122 422 2176 llt
440 2122 516 2176 rabie
534 2124 593 2177 fera
611 2125 693 2179 corda
711 2128 834 2193 tument3
852 2127 992 2196 maiorque
1011 2126 1108 2195 videri,

383 2199 443 2252 Nec
461 2199 576 2253 mortale
594 2216 700 2269 sonans,
720 2201 823 2256 adflata
841 2207 884 2257 est
902 2203 1012 2256 numine
1031 2202 1141 2271 quando
1225 2218 1250 2257 so

384 2275 445 2329 Iam
462 2276 589 2345 propiora
609 2277 661 2331 dei.
698 2277 795 2331 Cessas
813 2279 841 2331 in
859 2283 924 2333 vota
940 2295 1098 2348 precesque,

384 2351 458 2419 Tros,
477 2352 523 2418 ait,
543 2354 655 2408 Aeneal
674 2357 779 2407 cessas‘l
797 2370 887 2424 neque
906 2355 978 2407 enim
997 2357 1062 2407 ante
1080 2353 1230 2410 dehiscent

386 2428 530 2481 Attonitae
549 2445 647 2497 magna
665 2446 713 2484 ora
731 2430 835 2483 domus.
872 2430 909 2483 Iit
927 2430 994 2483 talia
1011 2430 1069 2483 fata

385 2504 527 2558 Conticuit.
563 2505 677 2577 Gelidus
695 2506 806 2559 Teucris
824 2523 875 2575 per
894 2506 963 2559 dura
981 2507 1104 2561 cucurrit

385 2580 454 2633 Ossa
466 2584 576 2645 tremor,
588 2582 734 2651 funditque
746 2599 842 2652 preces
854 2599 903 2636 rex
915 2585 1028 2651 pectore
1041 2582 1076 2635 ab
1088 2582 1159 2638 imo:
1224 2598 1251 2639 ω

387 2655 505 2723 Phoebe,
523 2658 613 2723 gravis
632 2658 728 2712 Troiae
746 2675 855 2728 sempor
872 2660 1001 2713 miserate
1019 2657 1135 2727 labores,

385 2731 515 2783 Dardana
532 2732 579 2799 qui
599 2731 706 2785 Paridis
725 2733 826 2787 direxti
846 2735 902 2788 tela
919 2750 1070 2802 manusque

386 2805 490 2875 Corpus
506 2807 537 2860 in
556 2808 701 2876 Aeacidae,
721 2825 833 2876 magnas
852 2809 981 2863 obeuntia
999 2814 1089 2863 terras

386 2882 438 2936 Tot
456 2882 542 2936 maria
560 2882 661 2937 intravi
681 2885 750 2938 duee
768 2891 797 2939 te
816 2888 979 2954 penitusque
996 2889 1120 2955 repostas
1213 2943 1216 2947 ,

387 2957 534 3028 Massylum
553 2960 643 3028 gentis
661 2964 862 3031 praetentaque
880 2962 1005 3031 Syrtibus
1022 2979 1094 3029 arva,
1215 2980 1249 3030 ¹so

387 3035 447 3088 lam
464 3035 577 3089 tandem
597 3036 695 3091 Italiae
713 3038 844 3105 fugientis
861 3038 1022 3107 prendimus
1040 3048 1117 3104 oras;
1184 3033 1209 3099 ,¹

388 3110 449 3163 Hac
467 3111 583 3166 Troiana
600 3118 681 3167 tenus
700 3114 784 3167 fuerit
802 3114 926 3167 Fortuna
944 3118 1044 3168 secuta

388 3187 445 3239 Vos
464 3204 572 3258 quoque
591 3188 756 3257 Pergameae
773 3190 827 3243 iam
845 3190 885 3243 ias
904 3195 947 3244 est
965 3207 1077 3259 parcere
1093 3190 1180 3259 genti,

387 3262 479 3331 Dique
497 3264 620 3334 deaeque
638 3283 739 3334 omnes,
757 3265 856 3335 quibus
874 3267 982 3321 obstitit
1000 3266 1084 3320 Ilium
1101 3269 1132 3319 et
1148 3265 1246 3333 ingens

388 3338 480 3393 Gloria
496 3339 659 3396 Dardaniae.
696 3342 798 3411 Tuque,
818 3359 834 3396 o
852 3343 1023 3397 sanctissima
1040 3344 1125 3409 vates,
1221 3355 1245 3396 es

367 3411 505 3473 Praescia
524 3420 646 3491 venturi,
669 3418 715 3490 da,
736 3436 793 3475 non
810 3418 941 3474 indebita
953 3432 1039 3486 poseo
1103 3463 1108 3474 .

349 3483 460 3556 Beana
482 3496 560 3552 mea
580 3500 661 3572 rata,
681 3499 770 3556 nario
788 3496 944 3553 considere
956 3492 1085 3546 uenena

346 3554 547 3643 E’1⁷²211tr'aque
568 3577 647 3635 deos
668 3578 854 3652 agitataque
869 3569 994 3629 numina
1005 3560 1125 3615 Wlffl-
