<?xml version="1.0" encoding="UTF-8"?>
<!DOCTYPE html PUBLIC "-//W3C//DTD XHTML 1.0 Transitional//EN"
    "http://www.w3.org/TR/xhtml1/DTD/xhtml1-transitional.dtd">
<html xmlns="http://www.w3.org/1999/xhtml" xml:lang="en" lang="en">
 <head>
  <title>
</title>
<meta http-equiv="Content-Type" content="text/html;charset=utf-8" />
  <meta name='ocr-system' content='tesseract 3.04.00' />
  <meta name='ocr-capabilities' content='ocr_page ocr_carea ocr_par ocr_line ocrx_word'/>
</head>
<body>
  <div class='ocr_page' id='page_1' title='image "./publivergilimar00conigoog/publivergilimar00conigoog_0060.png"; bbox 0 0 3242 4159; ppageno 0'>
   <div class='ocr_carea' id='block_1_1' title="bbox 391 512 1005 587">
    <p class='ocr_par' dir='ltr' id='par_1_1' title="bbox 391 512 1005 587">
     <span class='ocr_line' id='line_1_1' title="bbox 391 512 1005 587; baseline -0.015 0"><span class='ocrx_word' id='word_1_1' title='bbox 391 542 421 587; x_wconf 76' lang='lat' dir='ltr'>is</span> <span class='ocrx_word' id='word_1_2' title='bbox 617 534 648 584; x_wconf 84' lang='lat' dir='ltr'>P.</span> <span class='ocrx_word' id='word_1_3' title='bbox 666 531 822 581; x_wconf 77' lang='lat' dir='ltr'>vanem</span> <span class='ocrx_word' id='word_1_4' title='bbox 839 512 1005 579; x_wconf 79' lang='lat' dir='ltr'>MARONIS</span> 
     </span>
    </p>
   </div>
   <div class='ocr_carea' id='block_1_2' title="bbox 386 612 1286 916">
    <p class='ocr_par' dir='ltr' id='par_1_2' title="bbox 386 612 1084 686">
     <span class='ocr_line' id='line_1_2' title="bbox 386 612 1084 686; baseline -0.007 -15"><span class='ocrx_word' id='word_1_5' title='bbox 386 619 532 686; x_wconf 76' lang='lat' dir='ltr'>Ingentem</span> <span class='ocrx_word' id='word_1_6' title='bbox 549 614 624 669; x_wconf 89' lang='lat' dir='ltr'>caelo</span> <span class='ocrx_word' id='word_1_7' title='bbox 642 615 761 668; x_wconf 90' lang='lat' dir='ltr'>sonitum</span> <span class='ocrx_word' id='word_1_8' title='bbox 780 612 873 677; x_wconf 86' lang='lat' dir='ltr'>dedit3</span> <span class='ocrx_word' id='word_1_9' title='bbox 891 612 955 665; x_wconf 90' lang='lat' dir='ltr'>inde</span> <span class='ocrx_word' id='word_1_10' title='bbox 973 614 1084 666; x_wconf 86' lang='lat' dir='ltr'>secutus</span> 
     </span>
    </p>

    <p class='ocr_par' dir='ltr' id='par_1_3' title="bbox 386 689 1128 758">
     <span class='ocr_line' id='line_1_3' title="bbox 386 689 1128 758; baseline -0.005 -12"><span class='ocrx_word' id='word_1_11' title='bbox 386 692 440 747; x_wconf 88' lang='lat' dir='ltr'>Per</span> <span class='ocrx_word' id='word_1_12' title='bbox 458 708 548 747; x_wconf 86' lang='lat' dir='ltr'>ramos</span> <span class='ocrx_word' id='word_1_13' title='bbox 565 691 651 743; x_wconf 84' lang='lat' dir='ltr'>victor</span> <span class='ocrx_word' id='word_1_14' title='bbox 668 706 772 758; x_wconf 84' lang='lat' dir='ltr'>perque</span> <span class='ocrx_word' id='word_1_15' title='bbox 790 689 847 742; x_wconf 86' lang='lat' dir='ltr'>alta</span> <span class='ocrx_word' id='word_1_16' title='bbox 866 690 1005 741; x_wconf 88' lang='lat' dir='ltr'>cacumina</span> <span class='ocrx_word' id='word_1_17' title='bbox 1022 692 1128 758; x_wconf 87' lang='lat' dir='ltr'>regnat,</span> 
     </span>
    </p>

    <p class='ocr_par' dir='ltr' id='par_1_4' title="bbox 386 765 1286 916">
     <span class='ocr_line' id='line_1_4' title="bbox 386 765 1286 841; baseline -0.004 -18"><span class='ocrx_word' id='word_1_18' title='bbox 386 770 422 823; x_wconf 78' lang='lat' dir='ltr'>ut</span> <span class='ocrx_word' id='word_1_19' title='bbox 440 773 530 822; x_wconf 89' lang='lat' dir='ltr'>totum</span> <span class='ocrx_word' id='word_1_20' title='bbox 547 766 660 820; x_wconf 84' lang='lat' dir='ltr'>involvit</span> <span class='ocrx_word' id='word_1_21' title='bbox 679 765 795 819; x_wconf 90' lang='lat' dir='ltr'>flammis</span> <span class='ocrx_word' id='word_1_22' title='bbox 812 781 916 832; x_wconf 89' lang='lat' dir='ltr'>nemus,</span> <span class='ocrx_word' id='word_1_23' title='bbox 935 769 963 818; x_wconf 87' lang='lat' dir='ltr'>et</span> <span class='ocrx_word' id='word_1_24' title='bbox 980 767 1038 819; x_wconf 88' lang='lat' dir='ltr'>ruit</span> <span class='ocrx_word' id='word_1_25' title='bbox 1055 770 1145 819; x_wconf 83' lang='lat' dir='ltr'>atram</span> <span class='ocrx_word' id='word_1_26' title='bbox 1278 817 1286 841; x_wconf 49' lang='grc' dir='ltr'>Ι</span> 
     </span>
     <span class='ocr_line' id='line_1_5' title="bbox 386 840 1286 916; baseline -0.007 -16"><span class='ocrx_word' id='word_1_27' title='bbox 386 846 434 900; x_wconf 87' lang='lat' dir='ltr'>Ad</span> <span class='ocrx_word' id='word_1_28' title='bbox 453 846 557 899; x_wconf 90' lang='lat' dir='ltr'>caelum</span> <span class='ocrx_word' id='word_1_29' title='bbox 574 843 652 910; x_wconf 91' lang='lat' dir='ltr'>picea</span> <span class='ocrx_word' id='word_1_30' title='bbox 670 857 776 894; x_wconf 89' lang='lat' dir='ltr'>crassus</span> <span class='ocrx_word' id='word_1_31' title='bbox 795 840 911 907; x_wconf 88' lang='lat' dir='ltr'>caligine</span> <span class='ocrx_word' id='word_1_32' title='bbox 928 842 1037 914; x_wconf 84' lang='lat' dir='ltr'>nubem,</span> <span class='ocrx_word' id='word_1_33' title='bbox 1280 866 1286 916; x_wconf 65' lang='lat'>1</span> 
     </span>
    </p>
   </div>
   <div class='ocr_carea' id='block_1_3' title="bbox 347 917 1286 3583">
    <p class='ocr_par' dir='ltr' id='par_1_5' title="bbox 385 917 1285 1373">
     <span class='ocr_line' id='line_1_6' title="bbox 386 917 1285 988; baseline -0.008 -13"><span class='ocrx_word' id='word_1_34' title='bbox 386 921 552 976; x_wconf 79' lang='lat' dir='ltr'><strong>Praesertim</strong></span> <span class='ocrx_word' id='word_1_35' title='bbox 571 919 594 971; x_wconf 91' lang='lat' dir='ltr'>si</span> <span class='ocrx_word' id='word_1_36' title='bbox 612 921 762 987; x_wconf 74' lang='lat' dir='ltr'><strong>tempestas</strong></span> <span class='ocrx_word' id='word_1_37' title='bbox 783 917 921 970; x_wconf 86' lang='lat' dir='ltr'>avertice</span> <span class='ocrx_word' id='word_1_38' title='bbox 939 918 1013 971; x_wconf 82' lang='lat' dir='ltr'>silvis</span> <span class='ocrx_word' id='word_1_39' title='bbox 1201 930 1234 972; x_wconf 76' lang='lat' dir='ltr'>sio</span> <span class='ocrx_word' id='word_1_40' title='bbox 1282 950 1285 988; x_wconf 77' lang='lat'>,</span> 
     </span>
     <span class='ocr_line' id='line_1_7' title="bbox 386 993 1106 1065; baseline -0.003 -14"><span class='ocrx_word' id='word_1_41' title='bbox 386 998 523 1065; x_wconf 76' lang='lat' dir='ltr'>Incubuit,</span> <span class='ocrx_word' id='word_1_42' title='bbox 541 996 730 1063; x_wconf 78' lang='lat' dir='ltr'>glomeratque</span> <span class='ocrx_word' id='word_1_43' title='bbox 748 993 840 1046; x_wconf 80' lang='lat' dir='ltr'>ferens</span> <span class='ocrx_word' id='word_1_44' title='bbox 859 993 983 1047; x_wconf 89' lang='lat' dir='ltr'>incendia</span> <span class='ocrx_word' id='word_1_45' title='bbox 1000 999 1106 1049; x_wconf 83' lang='lat' dir='ltr'>ventus.</span> 
     </span>
     <span class='ocr_line' id='line_1_8' title="bbox 385 1071 1133 1139; baseline -0.001 -13"><span class='ocrx_word' id='word_1_46' title='bbox 385 1073 447 1126; x_wconf 90' lang='lat' dir='ltr'>Hoc</span> <span class='ocrx_word' id='word_1_47' title='bbox 464 1072 518 1138; x_wconf 88' lang='lat' dir='ltr'>ubi,</span> <span class='ocrx_word' id='word_1_48' title='bbox 536 1088 590 1124; x_wconf 91' lang='lat' dir='ltr'>non</span> <span class='ocrx_word' id='word_1_49' title='bbox 608 1088 625 1124; x_wconf 90' lang='lat' dir='ltr'>a</span> <span class='ocrx_word' id='word_1_50' title='bbox 644 1072 730 1139; x_wconf 75' lang='lat' dir='ltr'>stupe</span> <span class='ocrx_word' id='word_1_51' title='bbox 749 1072 843 1125; x_wconf 83' lang='lat' dir='ltr'>valent</span> <span class='ocrx_word' id='word_1_52' title='bbox 861 1086 1013 1139; x_wconf 83' lang='lat' dir='ltr'>caesaeque</span> <span class='ocrx_word' id='word_1_53' title='bbox 1029 1071 1133 1125; x_wconf 84' lang='lat' dir='ltr'>reverti</span> 
     </span>
     <span class='ocr_line' id='line_1_9' title="bbox 385 1147 1090 1216; baseline -0.006 -13"><span class='ocrx_word' id='word_1_54' title='bbox 385 1149 505 1203; x_wconf 83' lang='lat' dir='ltr'>Possunt</span> <span class='ocrx_word' id='word_1_55' title='bbox 523 1151 606 1216; x_wconf 89' lang='lat' dir='ltr'>atque</span> <span class='ocrx_word' id='word_1_56' title='bbox 624 1148 679 1200; x_wconf 86' lang='lat' dir='ltr'>ima</span> <span class='ocrx_word' id='word_1_57' title='bbox 696 1147 796 1201; x_wconf 87' lang='lat' dir='ltr'>similes</span> <span class='ocrx_word' id='word_1_58' title='bbox 816 1147 982 1200; x_wconf 82' lang='lat' dir='ltr'>revirescere</span> <span class='ocrx_word' id='word_1_59' title='bbox 1000 1149 1090 1210; x_wconf 85' lang='lat' dir='ltr'>terra;</span> 
     </span>
     <span class='ocr_line' id='line_1_10' title="bbox 386 1223 1121 1292; baseline -0.001 -16"><span class='ocrx_word' id='word_1_60' title='bbox 386 1224 485 1277; x_wconf 82' lang='lat' dir='ltr'>Infelix</span> <span class='ocrx_word' id='word_1_61' title='bbox 504 1224 704 1292; x_wconf 82' lang='lat' dir='ltr'>superatioliis</span> <span class='ocrx_word' id='word_1_62' title='bbox 723 1225 842 1278; x_wconf 81' lang='lat' dir='ltr'>oleaster</span> <span class='ocrx_word' id='word_1_63' title='bbox 859 1223 965 1275; x_wconf 85' lang='lat' dir='ltr'>amaris.</span> <span class='ocrx_word' id='word_1_64' title='bbox 1118 1282 1121 1286; x_wconf 52' lang='grc'><em>,</em></span> 
     </span>
     <span class='ocr_line' id='line_1_11' title="bbox 420 1297 1284 1373; baseline -0.002 -20"><span class='ocrx_word' id='word_1_65' title='bbox 420 1301 446 1353; x_wconf 90' lang='lat' dir='ltr'>N</span> <span class='ocrx_word' id='word_1_66' title='bbox 448 1317 479 1353; x_wconf 84' lang='lat' dir='ltr'>ee</span> <span class='ocrx_word' id='word_1_67' title='bbox 491 1299 542 1353; x_wconf 88' lang='lat' dir='ltr'>tibi</span> <span class='ocrx_word' id='word_1_68' title='bbox 554 1303 611 1353; x_wconf 89' lang='lat' dir='ltr'>tam</span> <span class='ocrx_word' id='word_1_69' title='bbox 623 1300 744 1373; x_wconf 79' lang='lat' dir='ltr'>prudens</span> <span class='ocrx_word' id='word_1_70' title='bbox 760 1300 904 1368; x_wconf 89' lang='lat' dir='ltr'>quisquam</span> <span class='ocrx_word' id='word_1_71' title='bbox 916 1297 1081 1366; x_wconf 86' lang='lat' dir='ltr'>persuadeat</span> <span class='ocrx_word' id='word_1_72' title='bbox 1092 1300 1189 1352; x_wconf 84' lang='lat' dir='ltr'>auctor</span> <span class='ocrx_word' id='word_1_73' title='bbox 1203 1311 1239 1351; x_wconf 76' lang='lat'>³1⁶</span> <span class='ocrx_word' id='word_1_74' title='bbox 1281 1336 1284 1344; x_wconf 73' lang='grc'><strong>.</strong></span> 
     </span>
    </p>

    <p class='ocr_par' dir='ltr' id='par_1_6' title="bbox 375 1376 1286 3420">
     <span class='ocr_line' id='line_1_12' title="bbox 385 1376 1040 1443; baseline 0 -14"><span class='ocrx_word' id='word_1_75' title='bbox 385 1376 521 1430; x_wconf 76' lang='lat' dir='ltr'>Tellurem</span> <span class='ocrx_word' id='word_1_76' title='bbox 540 1376 629 1429; x_wconf 88' lang='lat' dir='ltr'>Borea</span> <span class='ocrx_word' id='word_1_77' title='bbox 647 1376 765 1443; x_wconf 84' lang='lat' dir='ltr'>rigidam</span> <span class='ocrx_word' id='word_1_78' title='bbox 786 1376 908 1443; x_wconf 86' lang='lat' dir='ltr'>spirante</span> <span class='ocrx_word' id='word_1_79' title='bbox 925 1390 1040 1429; x_wconf 86' lang='lat' dir='ltr'>movere.</span> 
     </span>
     <span class='ocr_line' id='line_1_13' title="bbox 386 1450 1162 1520; baseline 0 -15"><span class='ocrx_word' id='word_1_80' title='bbox 386 1451 462 1505; x_wconf 87' lang='lat' dir='ltr'>Rura</span> <span class='ocrx_word' id='word_1_81' title='bbox 478 1452 543 1520; x_wconf 87' lang='lat' dir='ltr'>gelu</span> <span class='ocrx_word' id='word_1_82' title='bbox 560 1455 625 1504; x_wconf 89' lang='lat' dir='ltr'>tunc</span> <span class='ocrx_word' id='word_1_83' title='bbox 645 1451 749 1504; x_wconf 87' lang='lat' dir='ltr'>claudit</span> <span class='ocrx_word' id='word_1_84' title='bbox 767 1451 881 1520; x_wconf 89' lang='lat' dir='ltr'>hiemps,</span> <span class='ocrx_word' id='word_1_85' title='bbox 902 1467 952 1503; x_wconf 92' lang='lat' dir='ltr'>nec</span> <span class='ocrx_word' id='word_1_86' title='bbox 969 1450 1073 1503; x_wconf 87' lang='lat' dir='ltr'>semiue</span> <span class='ocrx_word' id='word_1_87' title='bbox 1089 1450 1162 1505; x_wconf 80' lang='lat' dir='ltr'>iacto</span> 
     </span>
     <span class='ocr_line' id='line_1_14' title="bbox 385 1527 1064 1595; baseline -0.001 -14"><span class='ocrx_word' id='word_1_88' title='bbox 385 1527 546 1581; x_wconf 82' lang='lat' dir='ltr'>Concretam</span> <span class='ocrx_word' id='word_1_89' title='bbox 564 1528 669 1595; x_wconf 89' lang='lat' dir='ltr'>patitur</span> <span class='ocrx_word' id='word_1_90' title='bbox 688 1528 807 1581; x_wconf 86' lang='lat' dir='ltr'>radicem</span> <span class='ocrx_word' id='word_1_91' title='bbox 826 1527 948 1593; x_wconf 88' lang='lat' dir='ltr'>adfigere</span> <span class='ocrx_word' id='word_1_92' title='bbox 965 1529 1064 1580; x_wconf 85' lang='lat' dir='ltr'>terrae.</span> 
     </span>
     <span class='ocr_line' id='line_1_15' title="bbox 386 1602 1285 1686; baseline -0.002 -29"><span class='ocrx_word' id='word_1_93' title='bbox 386 1603 506 1671; x_wconf 85' lang='lat' dir='ltr'>Optuma</span> <span class='ocrx_word' id='word_1_94' title='bbox 523 1603 622 1656; x_wconf 83' lang='lat' dir='ltr'>vinetis</span> <span class='ocrx_word' id='word_1_95' title='bbox 642 1604 718 1671; x_wconf 88' lang='lat' dir='ltr'>satio,</span> <span class='ocrx_word' id='word_1_96' title='bbox 738 1620 799 1656; x_wconf 91' lang='lat' dir='ltr'>cum</span> <span class='ocrx_word' id='word_1_97' title='bbox 818 1620 882 1656; x_wconf 85' lang='lat' dir='ltr'>vere</span> <span class='ocrx_word' id='word_1_98' title='bbox 900 1602 1011 1655; x_wconf 90' lang='lat' dir='ltr'>rubenti</span> <span class='ocrx_word' id='word_1_99' title='bbox 1284 1638 1285 1686; x_wconf 79' lang='lat'>,</span> 
     </span>
     <span class='ocr_line' id='line_1_16' title="bbox 385 1678 1285 1747; baseline 0 -13"><span class='ocrx_word' id='word_1_100' title='bbox 385 1678 509 1734; x_wconf 79' lang='lat' dir='ltr'>Candida</span> <span class='ocrx_word' id='word_1_101' title='bbox 527 1679 602 1733; x_wconf 88' lang='lat' dir='ltr'>venit</span> <span class='ocrx_word' id='word_1_102' title='bbox 621 1680 679 1733; x_wconf 86' lang='lat' dir='ltr'>avis</span> <span class='ocrx_word' id='word_1_103' title='bbox 697 1680 784 1747; x_wconf 83' lang='lat' dir='ltr'>longis</span> <span class='ocrx_word' id='word_1_104' title='bbox 803 1680 890 1732; x_wconf 87' lang='lat' dir='ltr'>invisa</span> <span class='ocrx_word' id='word_1_105' title='bbox 908 1679 1032 1746; x_wconf 89' lang='lat' dir='ltr'>colubris,</span> <span class='ocrx_word' id='word_1_106' title='bbox 1206 1694 1242 1734; x_wconf 79' lang='lat' dir='ltr'>sao</span> <span class='ocrx_word' id='word_1_107' title='bbox 1284 1703 1285 1708; x_wconf 48' lang='lat'>¹</span> 
     </span>
     <span class='ocr_line' id='line_1_17' title="bbox 385 1751 1155 1824; baseline -0.001 -15"><span class='ocrx_word' id='word_1_108' title='bbox 385 1751 478 1809; x_wconf 90' lang='lat' dir='ltr'>Prima</span> <span class='ocrx_word' id='word_1_109' title='bbox 494 1756 537 1810; x_wconf 83' lang='lat' dir='ltr'>vel</span> <span class='ocrx_word' id='word_1_110' title='bbox 555 1757 678 1810; x_wconf 86' lang='lat' dir='ltr'>autumni</span> <span class='ocrx_word' id='word_1_111' title='bbox 699 1756 749 1810; x_wconf 90' lang='lat' dir='ltr'>sub</span> <span class='ocrx_word' id='word_1_112' title='bbox 769 1756 878 1824; x_wconf 79' lang='lat' dir='ltr'>frigora,</span> <span class='ocrx_word' id='word_1_113' title='bbox 899 1771 959 1808; x_wconf 90' lang='lat' dir='ltr'>cum</span> <span class='ocrx_word' id='word_1_114' title='bbox 978 1754 1090 1821; x_wconf 87' lang='lat' dir='ltr'>rapidus</span> <span class='ocrx_word' id='word_1_115' title='bbox 1107 1754 1155 1808; x_wconf 81' lang='lat' dir='ltr'>Sol</span> 
     </span>
     <span class='ocr_line' id='line_1_18' title="bbox 385 1828 1286 1901; baseline 0.003 -16"><span class='ocrx_word' id='word_1_116' title='bbox 385 1828 514 1885; x_wconf 89' lang='lat' dir='ltr'>Nondum</span> <span class='ocrx_word' id='word_1_117' title='bbox 526 1833 643 1886; x_wconf 88' lang='lat' dir='ltr'>hiemem</span> <span class='ocrx_word' id='word_1_118' title='bbox 658 1832 791 1901; x_wconf 84' lang='lat' dir='ltr'>contingit</span> <span class='ocrx_word' id='word_1_119' title='bbox 807 1833 892 1900; x_wconf 87' lang='lat' dir='ltr'>cquis,</span> <span class='ocrx_word' id='word_1_120' title='bbox 908 1831 962 1884; x_wconf 87' lang='lat' dir='ltr'>iam</span> <span class='ocrx_word' id='word_1_121' title='bbox 974 1830 1108 1899; x_wconf 84' lang='lat' dir='ltr'>praeterit</span> <span class='ocrx_word' id='word_1_122' title='bbox 1119 1835 1219 1887; x_wconf 82' lang='lat' dir='ltr'>aestas</span> <span class='ocrx_word' id='word_1_123' title='bbox 1284 1883 1286 1892; x_wconf 69' lang='grc'><strong>,</strong></span> 
     </span>
     <span class='ocr_line' id='line_1_19' title="bbox 384 1906 1065 1976; baseline 0.001 -16"><span class='ocrx_word' id='word_1_124' title='bbox 384 1906 444 1961; x_wconf 88' lang='lat' dir='ltr'>Ver</span> <span class='ocrx_word' id='word_1_125' title='bbox 462 1908 531 1961; x_wconf 87' lang='lat' dir='ltr'>adeo</span> <span class='ocrx_word' id='word_1_126' title='bbox 548 1908 639 1961; x_wconf 85' lang='lat' dir='ltr'>frondi</span> <span class='ocrx_word' id='word_1_127' title='bbox 659 1926 808 1976; x_wconf 88' lang='lat' dir='ltr'>nemorum,</span> <span class='ocrx_word' id='word_1_128' title='bbox 830 1924 880 1961; x_wconf 83' lang='lat' dir='ltr'>ver</span> <span class='ocrx_word' id='word_1_129' title='bbox 897 1907 965 1960; x_wconf 89' lang='lat' dir='ltr'>utile</span> <span class='ocrx_word' id='word_1_130' title='bbox 984 1907 1065 1975; x_wconf 83' lang='lat' dir='ltr'>silvis,</span> 
     </span>
     <span class='ocr_line' id='line_1_20' title="bbox 385 1983 1158 2053; baseline 0.004 -17"><span class='ocrx_word' id='word_1_131' title='bbox 385 1983 460 2037; x_wconf 83' lang='lat' dir='ltr'>Vere</span> <span class='ocrx_word' id='word_1_132' title='bbox 479 1987 586 2038; x_wconf 89' lang='lat' dir='ltr'>tument</span> <span class='ocrx_word' id='word_1_133' title='bbox 605 1987 696 2038; x_wconf 88' lang='lat' dir='ltr'>terrae</span> <span class='ocrx_word' id='word_1_134' title='bbox 717 1987 747 2037; x_wconf 90' lang='lat' dir='ltr'>et</span> <span class='ocrx_word' id='word_1_135' title='bbox 764 1984 895 2053; x_wconf 83' lang='lat' dir='ltr'>genitalia</span> <span class='ocrx_word' id='word_1_136' title='bbox 914 1983 1017 2037; x_wconf 90' lang='lat' dir='ltr'>semina</span> <span class='ocrx_word' id='word_1_137' title='bbox 1033 1988 1158 2051; x_wconf 82' lang='lat' dir='ltr'>poscunt</span> 
     </span>
     <span class='ocr_line' id='line_1_21' title="bbox 385 2059 1244 2130; baseline 0.002 -17"><span class='ocrx_word' id='word_1_138' title='bbox 385 2059 454 2113; x_wconf 81' lang='lat' dir='ltr'>&#39;lum</span> <span class='ocrx_word' id='word_1_139' title='bbox 471 2063 551 2127; x_wconf 86' lang='lat' dir='ltr'>pater</span> <span class='ocrx_word' id='word_1_140' title='bbox 563 2061 732 2130; x_wconf 88' lang='lat' dir='ltr'>omnipotens</span> <span class='ocrx_word' id='word_1_141' title='bbox 755 2061 879 2115; x_wconf 85' lang='lat' dir='ltr'>secundis</span> <span class='ocrx_word' id='word_1_142' title='bbox 898 2059 1031 2113; x_wconf 82' lang='lat' dir='ltr'>imbribus</span> <span class='ocrx_word' id='word_1_143' title='bbox 1050 2060 1159 2114; x_wconf 87' lang='lat' dir='ltr'>Aether</span> <span class='ocrx_word' id='word_1_144' title='bbox 1208 2075 1244 2115; x_wconf 76' lang='lat' dir='ltr'>aas</span> 
     </span>
     <span class='ocr_line' id='line_1_22' title="bbox 385 2134 1145 2205; baseline 0 -16"><span class='ocrx_word' id='word_1_145' title='bbox 385 2134 514 2202; x_wconf 81' lang='lat' dir='ltr'>Coniugis</span> <span class='ocrx_word' id='word_1_146' title='bbox 532 2136 560 2188; x_wconf 90' lang='lat' dir='ltr'>iu</span> <span class='ocrx_word' id='word_1_147' title='bbox 578 2138 713 2205; x_wconf 88' lang='lat' dir='ltr'>gremium</span> <span class='ocrx_word' id='word_1_148' title='bbox 732 2139 822 2192; x_wconf 87' lang='lat' dir='ltr'>laetae</span> <span class='ocrx_word' id='word_1_149' title='bbox 843 2136 992 2205; x_wconf 87' lang='lat' dir='ltr'>descendit,</span> <span class='ocrx_word' id='word_1_150' title='bbox 1009 2140 1040 2193; x_wconf 90' lang='lat' dir='ltr'>et</span> <span class='ocrx_word' id='word_1_151' title='bbox 1057 2136 1145 2190; x_wconf 88' lang='lat' dir='ltr'>omnis</span> 
     </span>
     <span class='ocr_line' id='line_1_23' title="bbox 385 2210 1209 2281; baseline 0.004 -18"><span class='ocrx_word' id='word_1_152' title='bbox 385 2210 503 2278; x_wconf 85' lang='lat' dir='ltr'>Magnus</span> <span class='ocrx_word' id='word_1_153' title='bbox 521 2212 577 2280; x_wconf 90' lang='lat' dir='ltr'>alit,</span> <span class='ocrx_word' id='word_1_154' title='bbox 595 2230 692 2281; x_wconf 84' lang='lat' dir='ltr'>magno</span> <span class='ocrx_word' id='word_1_155' title='bbox 716 2214 879 2269; x_wconf 91' lang='lat' dir='ltr'>commixtus</span> <span class='ocrx_word' id='word_1_156' title='bbox 898 2228 1018 2281; x_wconf 86' lang='lat' dir='ltr'>corpore,</span> <span class='ocrx_word' id='word_1_157' title='bbox 1036 2212 1117 2266; x_wconf 81' lang='lat' dir='ltr'>fetus</span> <span class='ocrx_word' id='word_1_158' title='bbox 1206 2270 1209 2276; x_wconf 63' lang='grc'><strong>,</strong></span> 
     </span>
     <span class='ocr_line' id='line_1_24' title="bbox 386 2286 1065 2357; baseline 0.003 -18"><span class='ocrx_word' id='word_1_159' title='bbox 386 2286 457 2341; x_wconf 85' lang='lat' dir='ltr'>Avia</span> <span class='ocrx_word' id='word_1_160' title='bbox 474 2290 534 2341; x_wconf 91' lang='lat' dir='ltr'>tum</span> <span class='ocrx_word' id='word_1_161' title='bbox 551 2294 680 2344; x_wconf 88' lang='lat' dir='ltr'>resonant</span> <span class='ocrx_word' id='word_1_162' title='bbox 700 2291 795 2344; x_wconf 82' lang='lat' dir='ltr'>avibus</span> <span class='ocrx_word' id='word_1_163' title='bbox 816 2290 935 2357; x_wconf 86' lang='lat' dir='ltr'>virgulta</span> <span class='ocrx_word' id='word_1_164' title='bbox 952 2289 1065 2356; x_wconf 90' lang='lat' dir='ltr'>canoris,</span> 
     </span>
     <span class='ocr_line' id='line_1_25' title="bbox 385 2362 1106 2436; baseline 0.004 -21"><span class='ocrx_word' id='word_1_165' title='bbox 385 2362 423 2416; x_wconf 84' lang='lat' dir='ltr'>Et</span> <span class='ocrx_word' id='word_1_166' title='bbox 441 2363 577 2423; x_wconf 86' lang='lat' dir='ltr'>Venerem</span> <span class='ocrx_word' id='word_1_167' title='bbox 595 2367 679 2420; x_wconf 90' lang='lat' dir='ltr'>certis</span> <span class='ocrx_word' id='word_1_168' title='bbox 699 2368 830 2436; x_wconf 88' lang='lat' dir='ltr'>repetunt</span> <span class='ocrx_word' id='word_1_169' title='bbox 850 2368 975 2419; x_wconf 87' lang='lat' dir='ltr'>armenta</span> <span class='ocrx_word' id='word_1_170' title='bbox 993 2364 1106 2431; x_wconf 81' lang='lat' dir='ltr'>diebns3</span> 
     </span>
     <span class='ocr_line' id='line_1_26' title="bbox 386 2438 1245 2511; baseline 0.003 -19"><span class='ocrx_word' id='word_1_171' title='bbox 386 2438 510 2494; x_wconf 85' lang='lat' dir='ltr'>Parturit</span> <span class='ocrx_word' id='word_1_172' title='bbox 528 2441 615 2495; x_wconf 89' lang='lat' dir='ltr'>almus</span> <span class='ocrx_word' id='word_1_173' title='bbox 633 2459 705 2511; x_wconf 86' lang='lat' dir='ltr'>ager,</span> <span class='ocrx_word' id='word_1_174' title='bbox 729 2442 903 2511; x_wconf 79' lang='lat' dir='ltr'>Zephyrique</span> <span class='ocrx_word' id='word_1_175' title='bbox 921 2440 1081 2510; x_wconf 88' lang='lat' dir='ltr'>tepentibus</span> <span class='ocrx_word' id='word_1_176' title='bbox 1099 2444 1173 2495; x_wconf 87' lang='lat' dir='ltr'>auris</span> <span class='ocrx_word' id='word_1_177' title='bbox 1207 2454 1245 2495; x_wconf 73' lang='lat' dir='ltr'>ssu</span> 
     </span>
     <span class='ocr_line' id='line_1_27' title="bbox 386 2516 1192 2587; baseline 0.004 -20"><span class='ocrx_word' id='word_1_178' title='bbox 386 2516 492 2570; x_wconf 85' lang='lat' dir='ltr'>Laxant</span> <span class='ocrx_word' id='word_1_179' title='bbox 511 2533 576 2570; x_wconf 83' lang='lat' dir='ltr'>arva</span> <span class='ocrx_word' id='word_1_180' title='bbox 594 2518 667 2572; x_wconf 88' lang='lat' dir='ltr'>sinus</span> <span class='ocrx_word' id='word_1_181' title='bbox 677 2540 684 2584; x_wconf 90' lang='lat'>;</span> <span class='ocrx_word' id='word_1_182' title='bbox 704 2522 817 2587; x_wconf 86' lang='lat' dir='ltr'>superat</span> <span class='ocrx_word' id='word_1_183' title='bbox 837 2521 917 2572; x_wconf 90' lang='lat' dir='ltr'>tener</span> <span class='ocrx_word' id='word_1_184' title='bbox 935 2518 1060 2571; x_wconf 90' lang='lat' dir='ltr'>omnibus</span> <span class='ocrx_word' id='word_1_185' title='bbox 1076 2517 1192 2584; x_wconf 87' lang='lat' dir='ltr'>humor;</span> 
     </span>
     <span class='ocr_line' id='line_1_28' title="bbox 386 2592 1053 2662; baseline 0.003 -18"><span class='ocrx_word' id='word_1_186' title='bbox 386 2592 474 2659; x_wconf 88' lang='lat' dir='ltr'>Inque</span> <span class='ocrx_word' id='word_1_187' title='bbox 493 2609 576 2646; x_wconf 80' lang='lat' dir='ltr'>noros</span> <span class='ocrx_word' id='word_1_188' title='bbox 594 2594 664 2647; x_wconf 90' lang='lat' dir='ltr'>soles</span> <span class='ocrx_word' id='word_1_189' title='bbox 682 2594 785 2648; x_wconf 91' lang='lat' dir='ltr'>audent</span> <span class='ocrx_word' id='word_1_190' title='bbox 804 2611 834 2647; x_wconf 89' lang='lat' dir='ltr'>se</span> <span class='ocrx_word' id='word_1_191' title='bbox 851 2594 975 2662; x_wconf 87' lang='lat' dir='ltr'>gramina</span> <span class='ocrx_word' id='word_1_192' title='bbox 992 2597 1053 2646; x_wconf 88' lang='lat' dir='ltr'>tuto</span> 
     </span>
     <span class='ocr_line' id='line_1_29' title="bbox 386 2667 1154 2738; baseline 0.005 -17"><span class='ocrx_word' id='word_1_193' title='bbox 386 2667 521 2733; x_wconf 84' lang='lat' dir='ltr'>Credere;</span> <span class='ocrx_word' id='word_1_194' title='bbox 538 2685 589 2721; x_wconf 90' lang='lat' dir='ltr'>nec</span> <span class='ocrx_word' id='word_1_195' title='bbox 606 2670 706 2722; x_wconf 79' lang='lat' dir='ltr'>metult</span> <span class='ocrx_word' id='word_1_196' title='bbox 729 2671 867 2737; x_wconf 87' lang='lat' dir='ltr'>surgentis</span> <span class='ocrx_word' id='word_1_197' title='bbox 884 2670 1028 2738; x_wconf 84' lang='lat' dir='ltr'>pampinus</span> <span class='ocrx_word' id='word_1_198' title='bbox 1045 2674 1154 2725; x_wconf 86' lang='lat' dir='ltr'>austros</span> 
     </span>
     <span class='ocr_line' id='line_1_30' title="bbox 386 2744 1108 2813; baseline 0.006 -18"><span class='ocrx_word' id='word_1_199' title='bbox 386 2744 446 2795; x_wconf 88' lang='lat' dir='ltr'>Aut</span> <span class='ocrx_word' id='word_1_200' title='bbox 463 2747 555 2796; x_wconf 89' lang='lat' dir='ltr'>actum</span> <span class='ocrx_word' id='word_1_201' title='bbox 572 2744 646 2796; x_wconf 89' lang='lat' dir='ltr'>caelo</span> <span class='ocrx_word' id='word_1_202' title='bbox 667 2745 772 2811; x_wconf 87' lang='lat' dir='ltr'>magnis</span> <span class='ocrx_word' id='word_1_203' title='bbox 794 2746 966 2813; x_wconf 84' lang='lat' dir='ltr'>aquilonibus</span> <span class='ocrx_word' id='word_1_204' title='bbox 983 2746 1108 2813; x_wconf 89' lang='lat' dir='ltr'>imbrem,</span> 
     </span>
     <span class='ocr_line' id='line_1_31' title="bbox 386 2818 1246 2890; baseline 0.003 -18"><span class='ocrx_word' id='word_1_205' title='bbox 386 2818 443 2872; x_wconf 85' lang='lat' dir='ltr'>Sed</span> <span class='ocrx_word' id='word_1_206' title='bbox 460 2819 549 2872; x_wconf 85' lang='lat' dir='ltr'>trudIt</span> <span class='ocrx_word' id='word_1_207' title='bbox 567 2836 688 2887; x_wconf 89' lang='lat' dir='ltr'>gemmas</span> <span class='ocrx_word' id='word_1_208' title='bbox 710 2825 739 2875; x_wconf 90' lang='lat' dir='ltr'>et</span> <span class='ocrx_word' id='word_1_209' title='bbox 757 2821 869 2876; x_wconf 81' lang='lat' dir='ltr'>frondes</span> <span class='ocrx_word' id='word_1_210' title='bbox 891 2822 1010 2890; x_wconf 89' lang='lat' dir='ltr'>explicat</span> <span class='ocrx_word' id='word_1_211' title='bbox 1027 2822 1120 2877; x_wconf 88' lang='lat' dir='ltr'>omnis.</span> <span class='ocrx_word' id='word_1_212' title='bbox 1210 2835 1246 2875; x_wconf 73' lang='lat' dir='ltr'>aas</span> 
     </span>
     <span class='ocr_line' id='line_1_32' title="bbox 386 2894 1053 2965; baseline 0.006 -18"><span class='ocrx_word' id='word_1_213' title='bbox 386 2894 449 2948; x_wconf 88' lang='lat' dir='ltr'>Non</span> <span class='ocrx_word' id='word_1_214' title='bbox 466 2895 532 2948; x_wconf 85' lang='lat' dir='ltr'>ahos</span> <span class='ocrx_word' id='word_1_215' title='bbox 550 2896 639 2964; x_wconf 88' lang='lat' dir='ltr'>prima</span> <span class='ocrx_word' id='word_1_216' title='bbox 657 2898 805 2951; x_wconf 87' lang='lat' dir='ltr'>crescentis</span> <span class='ocrx_word' id='word_1_217' title='bbox 828 2898 934 2965; x_wconf 88' lang='lat' dir='ltr'>origine</span> <span class='ocrx_word' id='word_1_218' title='bbox 952 2897 1053 2957; x_wconf 60' lang='lat' dir='ltr'>mundi,</span> 
     </span>
     <span class='ocr_line' id='line_1_33' title="bbox 386 2970 1027 3028; baseline 0.006 -6"><span class='ocrx_word' id='word_1_219' title='bbox 386 2970 522 3024; x_wconf 85' lang='lat' dir='ltr'>Inluxisse</span> <span class='ocrx_word' id='word_1_220' title='bbox 542 2971 602 3024; x_wconf 88' lang='lat' dir='ltr'>dies</span> <span class='ocrx_word' id='word_1_221' title='bbox 620 2972 736 3027; x_wconf 85' lang='lat' dir='ltr'>aliumve</span> <span class='ocrx_word' id='word_1_222' title='bbox 755 2973 884 3028; x_wconf 86' lang='lat' dir='ltr'>habuisse</span> <span class='ocrx_word' id='word_1_223' title='bbox 904 2977 1027 3027; x_wconf 89' lang='lat' dir='ltr'>tenorem</span> 
     </span>
     <span class='ocr_line' id='line_1_34' title="bbox 386 3047 1130 3117; baseline 0.004 -17"><span class='ocrx_word' id='word_1_224' title='bbox 386 3047 572 3101; x_wconf 82' lang='lat' dir='ltr'>Crediderim:</span> <span class='ocrx_word' id='word_1_225' title='bbox 591 3064 640 3100; x_wconf 88' lang='lat' dir='ltr'>ver</span> <span class='ocrx_word' id='word_1_226' title='bbox 656 3047 725 3102; x_wconf 92' lang='lat' dir='ltr'>illud</span> <span class='ocrx_word' id='word_1_227' title='bbox 744 3053 813 3117; x_wconf 87' lang='lat' dir='ltr'>erat,</span> <span class='ocrx_word' id='word_1_228' title='bbox 831 3066 880 3103; x_wconf 88' lang='lat' dir='ltr'>ver</span> <span class='ocrx_word' id='word_1_229' title='bbox 897 3065 1011 3116; x_wconf 84' lang='lat' dir='ltr'>magnus</span> <span class='ocrx_word' id='word_1_230' title='bbox 1028 3048 1130 3116; x_wconf 83' lang='lat' dir='ltr'>agebat</span> 
     </span>
     <span class='ocr_line' id='line_1_35' title="bbox 387 3123 1064 3194; baseline 0.003 -18"><span class='ocrx_word' id='word_1_231' title='bbox 387 3123 475 3192; x_wconf 81' lang='lat' dir='ltr'>OrhIs,</span> <span class='ocrx_word' id='word_1_232' title='bbox 495 3127 524 3178; x_wconf 93' lang='lat' dir='ltr'>et</span> <span class='ocrx_word' id='word_1_233' title='bbox 542 3124 663 3178; x_wconf 89' lang='lat' dir='ltr'>hibernis</span> <span class='ocrx_word' id='word_1_234' title='bbox 683 3125 834 3194; x_wconf 88' lang='lat' dir='ltr'>parcebant</span> <span class='ocrx_word' id='word_1_235' title='bbox 855 3126 967 3180; x_wconf 89' lang='lat' dir='ltr'>flatibus</span> <span class='ocrx_word' id='word_1_236' title='bbox 985 3124 1064 3178; x_wconf 86' lang='lat' dir='ltr'>Euri:</span> 
     </span>
     <span class='ocr_line' id='line_1_36' title="bbox 388 3199 1250 3270; baseline 0.001 -18"><span class='ocrx_word' id='word_1_237' title='bbox 388 3199 456 3253; x_wconf 85' lang='lat' dir='ltr'>Oum</span> <span class='ocrx_word' id='word_1_238' title='bbox 474 3201 579 3269; x_wconf 90' lang='lat' dir='ltr'>primae</span> <span class='ocrx_word' id='word_1_239' title='bbox 598 3201 687 3254; x_wconf 90' lang='lat' dir='ltr'>lucem</span> <span class='ocrx_word' id='word_1_240' title='bbox 705 3201 825 3270; x_wconf 92' lang='lat' dir='ltr'>pecudes</span> <span class='ocrx_word' id='word_1_241' title='bbox 845 3201 969 3268; x_wconf 88' lang='lat' dir='ltr'>hausere,</span> <span class='ocrx_word' id='word_1_242' title='bbox 987 3200 1132 3269; x_wconf 82' lang='lat' dir='ltr'>virumque</span> <span class='ocrx_word' id='word_1_243' title='bbox 1211 3211 1250 3253; x_wconf 70' lang='lat' dir='ltr'>sao</span> 
     </span>
     <span class='ocr_line' id='line_1_37' title="bbox 388 3273 1070 3347; baseline 0.003 -21"><span class='ocrx_word' id='word_1_244' title='bbox 388 3273 492 3329; x_wconf 79' lang='lat' dir='ltr'>Ferrea</span> <span class='ocrx_word' id='word_1_245' title='bbox 510 3278 654 3344; x_wconf 86' lang='lat' dir='ltr'>progenies</span> <span class='ocrx_word' id='word_1_246' title='bbox 674 3276 750 3330; x_wconf 89' lang='lat' dir='ltr'>duris</span> <span class='ocrx_word' id='word_1_247' title='bbox 770 3281 853 3347; x_wconf 87' lang='lat' dir='ltr'>caput</span> <span class='ocrx_word' id='word_1_248' title='bbox 871 3277 972 3331; x_wconf 87' lang='lat' dir='ltr'>extulit</span> <span class='ocrx_word' id='word_1_249' title='bbox 990 3275 1070 3343; x_wconf 83' lang='lat' dir='ltr'>arvis,</span> 
     </span>
     <span class='ocr_line' id='line_1_38' title="bbox 375 3349 1128 3420; baseline 0.008 -22"><span class='ocrx_word' id='word_1_250' title='bbox 375 3349 574 3420; x_wconf 79' lang='lat' dir='ltr'>Inmissaeque</span> <span class='ocrx_word' id='word_1_251' title='bbox 590 3354 670 3410; x_wconf 80' lang='lat' dir='ltr'>ferae</span> <span class='ocrx_word' id='word_1_252' title='bbox 690 3353 768 3410; x_wconf 84' lang='lat' dir='ltr'>silvis</span> <span class='ocrx_word' id='word_1_253' title='bbox 788 3357 819 3409; x_wconf 89' lang='lat' dir='ltr'>et</span> <span class='ocrx_word' id='word_1_254' title='bbox 837 3353 932 3408; x_wconf 85' lang='lat' dir='ltr'>sidera</span> <span class='ocrx_word' id='word_1_255' title='bbox 950 3352 1035 3405; x_wconf 81' lang='lat' dir='ltr'>caelo.</span> <span class='ocrx_word' id='word_1_256' title='bbox 1125 3370 1128 3376; x_wconf 92' lang='lat'>·</span> 
     </span>
    </p>

    <p class='ocr_par' dir='ltr' id='par_1_7' title="bbox 358 3421 1181 3506">
     <span class='ocr_line' id='line_1_39' title="bbox 358 3421 1181 3506; baseline -0.002 -34"><span class='ocrx_word' id='word_1_257' title='bbox 358 3421 425 3474; x_wconf 82' lang='lat' dir='ltr'>Nec</span> <span class='ocrx_word' id='word_1_258' title='bbox 441 3443 492 3480; x_wconf 84' lang='lat' dir='ltr'>res</span> <span class='ocrx_word' id='word_1_259' title='bbox 508 3429 588 3487; x_wconf 89' lang='lat' dir='ltr'>hunc</span> <span class='ocrx_word' id='word_1_260' title='bbox 608 3436 732 3491; x_wconf 78' lang='lat' dir='ltr'>tenerae</span> <span class='ocrx_word' id='word_1_261' title='bbox 749 3435 875 3506; x_wconf 85' lang='lat' dir='ltr'>possent</span> <span class='ocrx_word' id='word_1_262' title='bbox 891 3429 1023 3500; x_wconf 75' lang='lat' dir='ltr'>perterre</span> <span class='ocrx_word' id='word_1_263' title='bbox 1036 3424 1181 3485; x_wconf 80' lang='lat' dir='ltr'>laborem,</span> 
     </span>
    </p>

    <p class='ocr_par' dir='ltr' id='par_1_8' title="bbox 347 3492 1148 3583">
     <span class='ocr_line' id='line_1_40' title="bbox 347 3492 1148 3583; baseline -0.031 -10"><span class='ocrx_word' id='word_1_264' title='bbox 347 3492 456 3573; x_wconf 58' lang='grc' dir='ltr'>ΨΜ</span> <span class='ocrx_word' id='word_1_265' title='bbox 477 3507 565 3565; x_wconf 70' lang='lat' dir='ltr'>rnna</span> <span class='ocrx_word' id='word_1_266' title='bbox 587 3514 679 3583; x_wconf 91' lang='lat' dir='ltr'>quies</span> <span class='ocrx_word' id='word_1_267' title='bbox 700 3514 762 3571; x_wconf 91' lang='lat' dir='ltr'>iret</span> <span class='ocrx_word' id='word_1_268' title='bbox 782 3512 941 3582; x_wconf 84' lang='lat' dir='ltr'>frigusque</span> <span class='ocrx_word' id='word_1_269' title='bbox 962 3503 1148 3560; x_wconf 43' lang='lat' dir='ltr'>moremque</span> 
     </span>
    </p>
   </div>
   <div class='ocr_carea' id='block_1_4' title="bbox 347 3570 1286 3661">
    <p class='ocr_par' dir='ltr' id='par_1_9' title="bbox 347 3570 1286 3661">
     <span class='ocr_line' id='line_1_41' title="bbox 347 3570 1286 3661; baseline -0.015 -20"><span class='ocrx_word' id='word_1_270' title='bbox 347 3570 426 3641; x_wconf 58' lang='grc' dir='ltr'>ΜΒ</span> <span class='ocrx_word' id='word_1_271' title='bbox 451 3582 484 3634; x_wconf 68' lang='grc' dir='ltr'><em>θὺ</em></span> <span class='ocrx_word' id='word_1_272' title='bbox 506 3588 676 3661; x_wconf 84' lang='lat' dir='ltr'>exciperet</span> <span class='ocrx_word' id='word_1_273' title='bbox 699 3592 780 3650; x_wconf 85' lang='lat' dir='ltr'>caeli</span> <span class='ocrx_word' id='word_1_274' title='bbox 802 3580 1002 3654; x_wconf 83' lang='lat' dir='ltr'>indulgentia</span> <span class='ocrx_word' id='word_1_275' title='bbox 1016 3580 1123 3629; x_wconf 56' lang='lat' dir='ltr'>herm·</span> <span class='ocrx_word' id='word_1_276' title='bbox 1270 3572 1286 3609; x_wconf 52' lang='grc' dir='ltr'>’ἔ</span> 
     </span>
    </p>
   </div>
   <div class='ocr_carea' id='block_1_5' title="bbox 0 0 1627 4159">
    <p class='ocr_par' dir='ltr' id='par_1_10' title="bbox 0 0 1627 4159">
     <span class='ocr_line' id='line_1_42' title="bbox 0 0 1627 4159; baseline 0 0"><span class='ocrx_word' id='word_1_277' title='bbox 0 0 1627 4159; x_wconf 95' lang='lat' dir='ltr'> </span> 
     </span>
    </p>
   </div>
  </div>
 </body>
</html>
