3242 4159
602 825 630 873 P.
650 823 804 871 VERGILI
822 821 989 871 MARONIS

495 990 1035 1066 'AENEIDOS

600 1190 717 1243 LIBER
735 1188 997 1243 DUODEOIMUS.

748 1344 848 1373 ...0—

376 1464 491 1516 Turnus
510 1466 541 1515 ut
558 1463 688 1515 infractos
706 1462 821 1515 adverso
839 1462 931 1515 Marte
949 1460 1062 1515 Latinos

376 1537 514 1592 Defecisse
532 1537 615 1604 videt,
633 1553 682 1589 sua
700 1554 771 1591 nunc
788 1537 923 1605 promissa
940 1536 1056 1605 reposci,'

377 1614 412 1667 Se
430 1613 532 1681 signari
550 1613 641 1678 oculis,
659 1612 733 1666 ultro
750 1610 919 1680 inplacabilis
937 1611 1025 1680 ardet,

377 1689 545 1757 Attollitquo
563 1689 673 1742 animos.
711 1688 864 1742 Poenorum
883 1688 971 1757 qualis
988 1688 1017 1740 in
1034 1687 1108 1742 arvis

377 1764 489 1817 Saucius
507 1766 553 1818 illc
571 1765 647 1833 gravi
664 1769 813 1818 venantum
831 1764 941 1818 volnere
957 1767 1054 1831 pectus
1219 1776 1231 1817 t

377 1839 446 1894 Tum
464 1840 575 1894 demum
593 1845 684 1894 movet
702 1856 779 1893 arma
795 1841 847 1907 leo,
864 1839 1021 1907 gaudetque
1039 1838 1176 1894 comantis

377 1914 526 1968 Excutiens
545 1916 649 1970 cervice
666 1918 748 1983 toros,
767 1916 908 1983 fixumque
925 1914 1040 1967 latronis

378 1990 527 2059 Inpavidus
544 1991 646 2058 frangit
663 1991 757 2058 telum,
776 1995 806 2045 et
822 1991 916 2044 fremit
934 2007 981 2044 ore
998 1993 1127 2044 cruento:

377 2065 461 2119 Haud
479 2082 556 2119 secus
574 2082 686 2119 accenso
704 2066 794 2133 gliscit
811 2066 940 2120 violentia
957 2058 1055 2119 Turne.

377 2141 445 2195 Tum
463 2141 502 2194 sic
520 2141 630 2195 adfatur
647 2157 749 2209 regem,
769 2145 853 2209 atque
871 2142 910 2197 ita
927 2139 1056 2195 turbidus
1073 2141 1153 2195 iniit:
1208 2156 1231 2195 ro

377 2217 460 2272 Nulla
471 2232 548 2271 mora
559 2217 587 2270 in
599 2218 689 2271 Turno
701 2238 708 2283 ;
726 2217 794 2271 nihil
806 2221 857 2285 est,
870 2217 945 2287 qued
957 2217 1031 2271 dicta
1042 2220 1199 2271 retractent

378 2293 475 2361 ignavi
493 2294 650 2358 Aeneadae,
669 2311 726 2362 nec,
745 2310 816 2362 quoe
833 2294 973 2363 pepigere,
990 2296 1127 2346 recusent.

377 2369 555 2438 Congredicr.
592 2370 647 2425 Fer
665 2387 748 2439 sacra,
765 2374 853 2439 pater,
872 2373 901 2424 et
918 2371 1029 2437 concipe
1045 2370 1153 2424 foedus.

378 2447 438 2499 Aut
455 2446 505 2499 hac
523 2446 693 2499 Dardanium
711 2446 811 2500 dextra
829 2444 880 2499 sub
898 2446 1012 2512 Tartara
1028 2444 1148 2511 mittam,

377 2520 553 2574 Desertorem
573 2522 816 2586 Asiae—sedeant
833 2524 1013 2590 spectentque
1031 2520 1160 2573 Latini-
1211 2534 1233 2573 15

378 2595 414 2649 iu
433 2596 505 2649 solus
523 2597 595 2649 ferro
614 2598 717 2649 crimen
734 2613 877 2650 commune
895 2596 1036 2661 refellam

379 2674 438 2725 Aut
455 2671 556 2724 habeat
573 2672 668 2738 victos,
687 2672 768 2726 cedat
787 2673 899 2725 Lavinia
916 2672 1040 2725 coniunx.

414 2746 467 2800 Olli
487 2746 582 2800 sedato
601 2747 744 2814 respondit
760 2747 844 2801 corde
863 2748 994 2801 Latinus:

378 2821 401 2875 Ο
421 2826 565 2891 praestans
583 2822 667 2875 animi
684 2823 805 2889 iuvenis,¹
815 2826 949 2891 quantum
966 2823 1025 2891 ipse
1043 2820 1129 2876 feroci

377 2897 491 2954 Virtute
504 2915 659 2967 exsuperas,
672 2902 750 2953 tanto
762 2916 806 2952 mc
818 2899 958 2968 inpensius
969 2914 1087 2967 aequum
1104 2902 1148 2952 est
1211 2913 1235 2951 so

378 2974 533 3043 Consulare,
553 2979 637 3043 atque
655 2975 741 3031 omnis
759 2977 929 3029 metuentem
947 2973 1104 3042 expendere
1122 2991 1210 3028 casus

378 3049 448 3103 Sunt
465 3050 517 3105 tibi
534 3068 620 3118 regna
636 3051 724 3120 patris
742 3050 842 3117 Dauni,
860 3054 924 3103 sunt
941 3050 1043 3119 oppida
1060 3052 1142 3118 capta
1211 3093 1236 3132 5

377 3124 467 3180 Multa
478 3128 578 3192 manu3
596 3144 645 3181 nec
657 3143 710 3179 non
722 3142 874 3195 aurumque
887 3126 1047 3195 animusque
1060 3126 1160 3180 Latino
1172 3131 1223 3180 est

378 3199 448 3254 Sunt
465 3202 534 3255 aliae
552 3203 683 3271 innuptae
702 3203 780 3255 Latio
799 3206 828 3255 et
847 3201 1031 3256 Laurentibus
1048 3202 1130 3269 agris,

369 3272 433 3331 Nec
440 3294 532 3348 genus
543 3278 695 3335 indecores.
731 3278 797 3333 Sine
807 3294 855 3331 me
863 3278 935 3330 baec
942 3278 1020 3329 band
1028 3276 1121 3330 mollia
1132 3278 1194 3330 fatu

355 3351 485 3414 Sublatis
505 3359 623 3433 aperire
641 3358 736 3425 dolis3
755 3354 843 3409 simul
855 3352 913 3405 boc
928 3351 1021 3402 animo
1032 3349 1140 3398 nanr’n
1221 3364 1250 3399 a

342 3426 395 3485 ue
413 3441 520 3496 natam
540 3441 618 3498 nulli
636 3441 778 3497 vetemm
797 3430 908 3485 mm
922 3434 1078 3507 P‘Qmm

341 3489 391 3565 p„
411 3522 490 3588 em,
506 3522 609 3595 idque
630 3531 741 3578 omnes
762 3508 890 3577 divique
904 3500 1099 3555 hominesque
1116 3484 1269 3536 mmm

1115 3618 1275 3633 ———
