3242 4159
379 527 411 574 90
612 524 643 573 P.
661 523 817 571 VERGILI
833 521 1001 571 MABONIS

380 604 517 668 Quaerere
534 606 683 670 constituit
702 605 837 672 sociisque
855 606 951 657 exacta
968 604 1073 659 referre

380 682 502 736 Classem
519 684 548 736 in
566 699 684 736 convexo
703 697 845 733 nemorum
863 681 914 733 sub
933 697 1001 749 rupe
1017 693 1118 735 cavata
1204 698 1241 738 sis
1288 715 1289 740 l

381 758 536 813 Arboribus
553 760 672 816 clausam
690 758 790 810 circum
808 760 895 823 atque
911 756 1088 810 horrentibus
1106 757 1220 814 umbris

382 834 502 899 Occulit;
519 835 579 903 ipse
596 852 651 888 uno
669 833 796 901 graditur
815 833 963 886 comitatus
982 833 1099 901 Achate,

382 910 453 963 Bina
471 927 553 964 manu
570 911 626 964 lato
644 911 765 979 crispans
782 909 893 962 hastilia
909 910 990 964 ferro.

383 986 434 1040 Oui
451 990 540 1041 mater
557 988 649 1041 media
667 1004 727 1040 sese
746 985 812 1039 tulit
831 985 911 1039 obvia
929 985 1003 1054 silva,

383 1062 504 1130 Virginis
522 1080 552 1116 os
570 1063 750 1130 habitumque
767 1079 867 1131 gerens
885 1065 915 1115 et
932 1061 1045 1127 virginis
1063 1078 1150 1130 arma,
1204 1077 1242 1118 sit

383 1139 542 1207 Spartanae,
559 1135 603 1192 vel
621 1139 710 1208 qualis
729 1155 815 1207 equos
835 1138 963 1192 Threissa
979 1137 1079 1205 fatigat

384 1215 537 1282 Harpalyce
555 1216 748 1284 volucremque
766 1216 831 1282 luga
849 1214 1036 1283 praevertitur
1054 1214 1192 1269 Hebrum.

347 1301 350 1308 '
384 1291 510 1359 Namque
521 1291 642 1345 humeris
655 1292 778 1345 demere
791 1292 910 1344 habilem
924 1290 1105 1359 suspenderat
1117 1307 1214 1345 arcum
1241 1309 1246 1318 ·

385 1367 526 1436 Venatrix,
545 1369 715 1437 dederatque
733 1385 837 1422 comam
856 1367 1009 1420 diffundere
1027 1367 1124 1434 ventis,

384 1442 468 1497 Nuda
484 1462 564 1511 genu
583 1445 708 1512 nodoque
727 1445 802 1497 sinus
821 1444 934 1497 collecta
952 1443 1068 1497 fluentis.
1203 1459 1243 1497 sao

386 1520 429 1573 Ae
446 1521 528 1587 prior,
548 1522 632 1587 Heus,
651 1522 749 1587 inquit,
767 1521 886 1587 iuvenes,
904 1522 1064 1586 monstrate,
1082 1535 1208 1573 mearum

386 1595 503 1648 Vidistis
522 1597 544 1649 si
563 1614 645 1665 quam
664 1598 708 1649 hic
726 1601 864 1650 errantem
882 1598 954 1650 forte
973 1612 1104 1664 sororum,

386 1671 557 1726 succinctam
575 1674 707 1741 pharetra
726 1678 754 1726 et
772 1673 926 1726 maculosae
945 1672 1068 1740 tegmine
1085 1671 1180 1741 lyncis,

387 1750 447 1803 Ant
464 1750 616 1818 spumantis
635 1750 694 1818 apri
712 1767 824 1803 cursum
842 1749 960 1803 clamore
978 1752 1159 1817 prementem.

422 1825 466 1879 Sic
486 1827 594 1892 Venus;
612 1830 641 1880 ct
661 1827 779 1881 Veneris
797 1830 895 1879 eontra
912 1826 951 1879 sic
969 1825 1040 1877 filius
1058 1841 1152 1879 orsus:
1206 1840 1245 1879 aas

388 1900 470 1953 Nulla
488 1906 597 1955 tuarum
615 1902 711 1955 audita
728 1903 795 1955 mihi
814 1919 903 1970 neqne
921 1902 979 1953 visa
997 1917 1127 1965 sororum,

388 1977 531 2045 O—quam
543 1982 572 2031 tc
584 1995 740 2046 memorem,
752 1979 830 2045 virgo
840 1980 849 2032 l
870 1994 989 2045 namque
1000 1975 1076 2030 hand
1087 1975 1140 2029 tibi
1153 1977 1246 2031 voltus

388 2053 521 2119 Mortalis,
539 2070 589 2107 nec
607 2071 660 2107 vox
677 2056 815 2108 hominem
834 2058 928 2107 sonat:
946 2070 970 2120 0,
989 2054 1041 2107 dea
1058 2057 1150 2121 certe;

389 2131 435 2183 An
454 2129 557 2182 Phoebi
576 2133 671 2185 sorori
690 2148 724 2183 an
744 2131 933 2199 Nympharum
952 2130 1093 2198 sanguinis
1111 2129 1187 2186 unal

388 2205 432 2259 Sis
449 2205 523 2272 felix,
542 2209 721 2275 nostrumque
738 2207 820 2275 leves,
840 2223 1037 2275 quaecumque,
1055 2206 1187 2274 laborem,
1209 2221 1248 2261 sto

390 2282 433 2346 Et,
453 2298 507 2350 quo
524 2283 575 2336 sub
593 2284 667 2337 caelo
685 2283 806 2350 tandem,
827 2284 926 2352 quibus
945 2284 1020 2337 orbis
1038 2283 1066 2336 in
1084 2283 1139 2337 oris

390 2357 535 2426 laetemur,
554 2359 665 2413 doceas:
682 2360 769 2427 ignari
789 2359 986 2427 hominumque
1003 2360 1181 2428 locorumque

389 2433 527 2496 Erramus,
544 2438 627 2489 vento
646 2435 698 2489 hnc
716 2437 800 2490 vastis
819 2439 847 2490 et
865 2435 995 2488 fluctibus
1013 2436 1082 2490 acti:

389 2509 480 2564 Multa
497 2511 549 2564 tibi
567 2515 632 2565 anto
650 2529 711 2565 aras
729 2516 825 2565 nostra
842 2512 924 2566 cadet
941 2511 1032 2565 hostia
1050 2512 1157 2566 dextra

425 2587 493 2639 Tum
503 2587 609 2642 Venus:
623 2589 846 2657 Haudequidem
856 2588 905 2641 tali
914 2605 959 2641 me
968 2588 1066 2656 dignor
1075 2589 1194 2650 honorc;
1210 2602 1249 2641 aaa

390 2661 552 2729 Virginibus
572 2664 660 2731 Tyriis
678 2682 737 2717 mos
755 2669 798 2718 est
815 2669 925 2733 gestare
943 2664 1109 2732 pharetram,

391 2737 588 2806 Purpureoque
606 2740 662 2791 alto
680 2756 758 2792 suras
776 2741 879 2795 vincire
897 2740 1038 2794 cothurno.

392 2812 494 2866 Punica
512 2830 596 2881 regna
614 2814 699 2883 vides,
718 2817 811 2885 'l'yn‘os
830 2821 859 2871 et
879 2817 1016 2885 Agenoris
1033 2816 1148 2881 urbem3

391 2889 448 2943 Sed
465 2889 532 2942 lines
551 2890 654 2959 Libyci,
673 2908 759 2960 genus
779 2893 954 2947 intractabile
972 2893 1049 2947 bcllo.

391 2966 537 3035 Inperium
556 2967 630 3021 Dido
649 2968 730 3038 Tyria
748 2971 822 3038 regit
840 2970 909 3023 urbe
927 2971 1055 3039 profecta,
1214 2983 1252 3023 sto

392 3043 558 3098 Germanum
575 3043 693 3112 fugiens.
730 3047 826 3114 Longa
845 3050 888 3101 est
905 3046 1011 3113 iniuria,
1029 3045 1126 3113 longae

393 3119 548 3187 Ambages3
566 3120 616 3174 sed
635 3138 740 3175 summa
759 3139 860 3190 sequar
877 3122 988 3189 fastigia
1005 3137 1106 3176 rernm.

392 3195 466 3248 Huic
483 3196 601 3250 coniunx
620 3198 756 3266 Sychaeus
775 3202 843 3265 erat,
863 3198 1015 3252 ditissimus
1033 3197 1093 3265 agr-i

393 3270 565 3340 Phoenicum,
584 3277 613 3328 et
630 3292 731 3343 magno
749 3276 867 3328 miserae
885 3274 1002 3327 dilectus
1021 3290 1121 3342 amore,

393 3347 444 3402 Cui
461 3351 541 3415 pater
557 3349 689 3404 intactam
708 3351 833 3420 dederat,
850 3350 1002 3419 primisque
1019 3349 1129 3417 iugarat
1218 3364 1255 3404 sn

394 3421 540 3478 Ominibus.
575 3426 632 3481 Sed
651 3443 738 3497 regna
756 3427 823 3498 Tyri
840 3443 989 3496 germanus
1004 3424 1127 3479 habebat

371 3494 547 3571 Pygmalion,
566 3504 676 3560 scelere
693 3511 764 3562 ante
783 3506 856 3562 alios
872 3500 1012 3558 inmanior
1030 3498 1129 3552 cmn'xs.

356 3567 438 3631 Quos
455 3573 541 3632 inter
558 3584 680 3642 medius
699 3587 785 3644 venit
805 3584 900 3642 furor.
935 3578 996 3634 nte
1011 3572 1177 3638 Slsslffim
