3242 4159
624 526 825 579 'A‘ENEIDOS
842 530 911 579 LIB.
930 531 981 583 XL·
1190 537 1235 583 295

385 606 446 661 'ler
458 607 560 661 circum
578 624 712 679 accensos,
731 608 812 664 cincti
830 610 997 678 fulgentibus
1016 614 1106 683 armis,

386 682 541 736 Decurrere
560 699 656 750 rog0s3
679 686 724 737 ter
741 689 876 739 maestum
894 688 998 742 funeris
1015 690 1106 758 ignem

381 760 554 814 ,Lustravere
571 759 600 812 in
618 761 702 829 equis,
721 761 896 830 ululatusque
914 782 962 819 ore
980 766 1091 820 dedere.
1204 783 1240 821 190

387 838 533 905 Spargitur
551 841 580 890 et
597 838 679 890 tellus
695 837 822 905 lacrimis,
840 844 1004 907 sparguntur
1021 844 1051 895 et
1068 858 1150 897 arma

388 915 418 968 It
436 915 511 967 caelo
529 911 684 983 clamorque
702 914 790 967 virum
809 915 974 984 clangorque
991 917 1128 971 tubarum.

389 990 463 1043 Hinc
476 990 526 1043 -alii
546 990 631 1059 spolia
649 990 743 1043 occisis
757 990 873 1059 derepta
892 992 998 1046 Latinis

389 1066 543 1120 (loniiciunt
560 1066 626 1134 igni,
644 1061 739 1134 galeas
754 1083 889 1135 ensesque
908 1067 1021 1121 decoros

389 1138 535 1211 Frenaque
553 1142 740 1210 ferventisque
756 1146 847 1207 rotas3
863 1160 929 1211 pars
946 1159 1060 1197 munera
1075 1148 1149 1215 nota,
1205 1162 1241 1199 195

390 1218 517 1286 ipsorum
534 1219 635 1287 clipeos
652 1221 682 1271 et
698 1234 751 1271 non
768 1218 857 1271 felicia
874 1220 939 1273 tela.

390 1294 479 1348 Multa
497 1294 580 1347 boum
598 1294 670 1347 circa
688 1297 844 1347 mactantur
861 1311 975 1363 corpora
992 1296 1083 1364 morti,

389 1370 601 1439 Saetigerosque
619 1386 681 1423 sues
698 1377 847 1438 raptasque
865 1388 899 1424 ex
917 1369 1045 1423 omnibus
1063 1373 1136 1439 agris
1228 1434 1230 1437 .

364 1508 367 1512 ⁴
391 1446 425 1498 In
443 1445 579 1499 flammam
595 1445 722 1513 iugulant
739 1445 866 1513 pecudes.
902 1446 970 1498 Tum
989 1441 1070 1500 litdre
1087 1450 1147 1501 toto
1210 1461 1212 1463 ’

390 1521 525 1576 Ardentis
543 1525 668 1589 spectant
687 1521 780 1589 socios,
799 1522 985 1590 seminumque
1003 1526 1115 1576 servant
1203 1539 1240 1576 eoo

389 1597 484 1664 Busta,
502 1613 592 1665 neque
609 1596 689 1649 avelli
706 1600 827 1664 possunt,
846 1614 899 1650 nox
917 1597 1030 1651 humida
1047 1599 1135 1653 donee

390 1673 510 1727 Invertit
526 1674 631 1726 eaelum
649 1673 735 1727 stellis
752 1673 913 1727 ardentibus
931 1678 1033 1741 aptum.

425 1749 450 1801 N
453 1765 484 1802 ec
500 1750 589 1802 minus
606 1752 635 1803 et
652 1748 744 1802 miseri
764 1748 874 1802 diversa
891 1749 919 1801 in
936 1754 1016 1817 parte
1035 1749 1127 1802 Latini

390 1825 551 1879 Innumeras
570 1828 695 1878 stmxere
712 1840 806 1892 pyras3
825 1832 855 1877 et
871 1841 985 1893 corpora
1001 1825 1102 1893 partim

390 1901 480 1953 Multa
498 1901 586 1954 virum
604 1904 696 1955 terrae
713 1900 857 1966 infodiunt,
875 1903 1024 1969 avectaque
1042 1900 1143 1969 partim
1205 1916 1241 1955 nos

390 1976 534 2029 Finitimos
552 1978 652 2031 tollunt
668 1978 697 2030 in
714 1992 800 2045 agros,
817 1974 935 2045 urbique
953 1975 1118 2042 remittunt;

390 2052 497 2121 Cetera,
515 2050 696 2121 confusasque
713 2053 853 2121 ingentem
871 2053 962 2106 caedis
979 2068 1113 2118 acervum,

388 2129 449 2182 Nec
461 2145 573 2182 numero
585 2146 634 2183 nec
647 2128 748 2181 honore
761 2125 898 2194 eremant;
911 2132 976 2183 tuuc
987 2128 1109 2197 undique
1120 2130 1192 2183 vasti

389 2204 525 2258 Certatim
542 2204 645 2258 crebris
662 2204 805 2257 conlucent
824 2204 932 2272 ignibus
950 2205 1015 2271 agri.

388 2280 483 2333 Tertia
499 2280 546 2334 lux
564 2281 682 2348 gelidam
700 2281 774 2333 caelo
793 2280 945 2333 dimoverat
962 2279 1101 2334 umbram:
1206 2294 1242 2332 210

389 2356 547 2410 Maerentes
565 2356 651 2411 altum
670 2356 788 2409 cinerem
808 2359 838 2409 et
856 2356 968 2408 confusa
984 2353 1101 2408 ruebant

388 2432 460 2485 Ossa
477 2432 550 2499 focis,
569 2433 718 2501 tepidoque
736 2430 887 2485 onerabant
905 2446 1005 2498 aggere
1023 2434 1122 2485 terrae.

388 2508 451 2562 Iam
470 2524 534 2561 vero
551 2508 579 2561 in
596 2509 690 2575 tectis,
703 2508 864 2577 praedivitis
881 2507 950 2560 urbe
968 2506 1068 2573 Latini,

389 2584 557 2653 Praecipuus
574 2585 668 2652 fragor
686 2588 715 2639 et
732 2585 805 2651 longi
823 2600 887 2653 pars
904 2598 1032 2636 maxuma
1049 2583 1144 2637 luctus.

389 2660 445 2714 Hic
462 2664 567 2715 matres
584 2661 754 2729 miseraeque
772 2676 865 2725 nurus,
884 2659 1008 2711 biccaro
1026 2674 1149 2712 sororum
1206 2675 1242 2714 215

388 2734 508 2789 Pectora
525 2740 703 2802 maerentum,
722 2735 854 2802 puerique
872 2733 1032 2802 parentibus
1050 2734 1122 2800 orbi,

389 2812 489 2865 Dirum
507 2815 682 2865 exsecrantur
700 2811 801 2865 bellum
820 2810 959 2878 Turnique
977 2809 1151 2878 hymenaeos3

389 2887 487 2962 Ipsum
504 2888 594 2955 armis,
612 2888 756 2955 ipsumque
773 2885 871 2939 iubent
889 2885 1038 2938 decernere
1054 2887 1135 2954 ferro,

390 2963 444 3028 Qui
462 2979 576 3031 regnum
596 2963 693 3016 Italiae
711 2966 739 3014 et
757 2962 859 3029 primos
878 2961 930 3013 sibi
947 2963 1042 3028 poscat
1060 2961 1182 3016 honores.

389 3041 523 3106 Ingravat
541 3040 608 3093 haec
626 3054 721 3092 saevus
740 3037 868 3103 Drances,
887 3036 1029 3102 solumque
1046 3036 1137 3089 vocari
1205 3052 1242 3089 ano

389 3117 527 3182 Testatur,
546 3115 634 3168 solum
651 3113 725 3182 posci
743 3113 772 3165 in
790 3112 939 3166 certamina
957 3111 1086 3165 Turnum.

389 3192 481 3246 Multa
499 3191 579 3244 simul
596 3195 692 3243 contra
710 3189 792 3242 variis
811 3188 948 3241 sententia
966 3186 1048 3240 dictis

390 3269 447 3322 Pro
465 3267 569 3333 Turn03
594 3269 623 3320 et
640 3282 768 3333 magnum
786 3264 897 3331 reginae
915 3278 1013 3315 nomen
1031 3260 1193 3326 obumbrat;

390 3343 482 3398 Multa
499 3342 587 3396 virum
605 3341 711 3394 meritis
730 3342 867 3392 sustentat
884 3338 958 3391 lama
975 3337 1102 3405 tropacis.

425 3419 487 3471 Hos
501 3417 577 3471 inter
592 3421 689 3481 motus,
709 3415 803 3469 medio
820 3415 851 3469 in
868 3414 1009 3483 flagrante
1024 3412 1167 3473 tumultu,
1223 3421 1267 3455 ‘un

377 3494 452 3544 Eece
467 3508 554 3559 super
570 3493 672 3547 maesti
691 3510 800 3562 magna
817 3492 975 3549 Diomedis
990 3490 1033 3545 ab
1047 3486 1127 3541 urbe

366 3563 471 3628 [¹⁶82st
486 3581 626 3635 responsa
643 3570 759 3627 ferunt:
787 3570 867 3627 nihil
886 3569 1031 3627 omnibus
1048 3566 1156 3619 notum
