3242 4159
335 455 352 688 l

655 527 859 580 GEORGICON
878 533 947 584 LIB.
967 535 989 585 Ι.
1074 534 1076 537 ’
1222 535 1252 581 31

393 604 447 660 Fas
465 607 496 659 et
514 604 576 658 iura
591 602 698 662 sinunt:
717 608 790 662 rivos
808 609 946 666 deducere
963 612 1039 667 nulla

391 682 500 749 Religio
518 681 615 749 vetuit,
633 684 721 750 segeti
738 687 921 753 praetendere
939 704 1057 757 saepem,
1218 704 1255 744 270

390 757 511 811 Insidias
529 757 626 811 avibus
642 759 740 828 moliri,
757 762 905 817 incendere
923 780 1028 834 vepres,

388 832 596 901 Balantumque
613 850 726 901 gregem
744 836 826 892 fluvio
845 827 966 893 mer'sarc
984 840 1096 895 salubri.

388 910 481 979 Saepe
500 909 560 963 oleo
578 910 653 963 tardi
670 916 760 965 costas
778 914 897 981 agitator
915 915 992 969 aselli

387 986 500 1041 Vilibus
519 991 574 1041 aut.
586 990 684 1041 onerat
701 990 796 1057 pomis,
815 990 989 1060 lapidemque
1006 994 1149 1046 revertens

388 1064 522 1119 Incusum
541 1066 590 1117 aut
607 1066 684 1116 atrae
701 1081 818 1118 massam
836 1067 903 1133 picis
920 1068 989 1121 urbc
1006 1071 1138 1137 reportat
1215 1083 1252 1123 ars

423 1139 492 1208 Ipsa
510 1138 571 1192 dies
589 1137 656 1191 alios
674 1138 726 1191 alic
745 1139 824 1193 dedit
842 1142 937 1195 ordino
955 1143 1032 1197 huna

388 1215 490 1269 Felicis
509 1229 632 1283 operum.
670 1214 798 1278 Quintam
818 1217 896 1284 fuge:
915 1219 1033 1285 pallidus
1051 1218 1138 1272 Orcus

387 1289 612 1358 Eumenidesque
630 1293 722 1356 satac3
743 1294 802 1345 tum
820 1296 903 1361 partu
921 1294 1006 1347 Terra
1022 1294 1141 1347 nefando

388 1366 548 1435 Coeumque
563 1361 750 1434 iapetumque
768 1372 852 1436 creat,
870 1385 1036 1437 saevumque
1054 1370 1187 1438 Typhoea,

388 1442 426 1496 lit
444 1441 601 1495 coniuratos
619 1442 723 1495 eaelum
741 1444 897 1499 rescindere
915 1445 1021 1500 fratres
1210 1460 1248 1499 asc

387 1518 443 1572 'l'er
461 1521 527 1572 sunt
543 1517 633 1570 eonati
650 1518 781 1586 inponere
800 1520 877 1574 Pelio
896 1520 994 1575 Ossam

387 1594 504 1659 Scilicet
522 1595 607 1661 atque
626 1593 712 1647 Ossae
729 1595 889 1650 frondosum
906 1598 1044 1651 involvere
1062 1596 1221 1665 Olympum3

387 1669 443 1723 Ter
462 1668 547 1723 Pater
565 1672 721 1723 exstructos
738 1670 845 1726 disiecit
862 1673 976 1726 fulmine
993 1674 1100 1726 montis.

388 1745 523 1814 Septuma
541 1748 603 1813 post
621 1744 763 1799 decumam
781 1747 848 1800 felix
867 1752 897 1801 et
914 1765 1016 1817 ponere
1034 1749 1126 1811 vitem,

388 1820 427 1875 Ilt
444 1837 559 1890 prensos
577 1820 711 1875 domitare
728 1821 819 1890 bores,
838 1827 867 1878 et
884 1824 945 1877 licia
963 1824 1035 1877 telae
1209 1837 1246 1876 aas

388 1897 522 1963 Addere;
544 1913 615 1950 nona
631 1898 712 1965 fugae
730 1898 832 1967 melior,
852 1899 987 1954 contraria
1003 1899 1092 1953 furtis.

423 1972 515 2026 Multa
533 1972 602 2026 adeo
619 1973 710 2040 gelida
726 1975 825 2029 melius
842 1993 872 2029 se
890 1979 969 2029 noete
987 1976 1097 2044 dedere,

387 2051 449 2103 Ant
466 2065 528 2103 cum
547 2048 603 2102 sole
620 2064 690 2103 novo
708 2054 796 2104 terras
813 2053 918 2105 inrorat
937 2052 1016 2105 Eous.

386 2126 478 2180 Nocte
495 2125 571 2179 leves
587 2125 684 2180 melius
703 2127 826 2195 stipulae,
844 2132 924 2183 ncctc
942 2128 1019 2181 arida
1036 2129 1116 2196 prata

386 2201 563 2267 Tondentur3
583 2204 676 2255 noctes
694 2202 785 2256 lentus
802 2220 856 2256 non
875 2205 969 2258 deficit
985 2203 1089 2257 humor.
1208 2216 1245 2253 aso

387 2277 424 2331 lit
442 2276 556 2346 quidam
574 2292 650 2330 seros
666 2276 772 2331 hiberni
790 2280 827 2332 ad
844 2280 953 2334 luminis
970 2281 1040 2347 ignis

388 2351 545 2421 Pervigilat,
562 2353 690 2423 ferroque
708 2353 781 2408 faces
798 2356 915 2426 inspirat
932 2360 1027 2420 acut03

388 2427 502 2500 Interea
518 2429 629 2497 longum
647 2433 730 2483 cantu
747 2432 835 2485 solata
853 2432 974 2484 laborem

344 2563 349 2570 ,
388 2505 499 2573 Arguto
517 2506 633 2559 coniunx
651 2508 787 2574 percurrit
804 2509 914 2574 pectino
931 2508 1008 2572 telas,

388 2582 449 2634 Aut
466 2580 553 2634 dulcis
570 2582 654 2635 musti
673 2581 793 2636 Volcano
813 2583 941 2650 dccoquit
957 2583 1100 2635 humorem
1206 2594 1243 2632 aas

338 2673 340 2720 ξ
387 2654 426 2709 Et
442 2656 513 2709 loliis
530 2657 632 2710 undam
650 2659 754 2727 trepidi
771 2659 916 2727 despumat
934 2659 1002 2712 aeni.

338 2771 340 2792 ,
366 2734 431 2786 ·At
447 2731 600 2785 rubicunda
619 2733 702 2788 Ceres
720 2734 810 2787 medic
831 2735 979 2789 succiditur
996 2737 1082 2802 aestu,

338 2835 340 2840 ·
387 2808 425 2862 Et
442 2807 533 2862 medio
550 2811 638 2863 tostas
657 2814 736 2864 aestu
755 2812 821 2863 terit
839 2828 904 2864 area
921 2812 1022 2878 fruges.

387 2883 486 2937 Nudus
503 2900 559 2952 ara,
577 2902 639 2940 sere
658 2886 764 2952 nudus;
784 2887 890 2957 hiemps
909 2888 1007 2955 ignava
1024 2886 1124 2941 colono.

387 2958 547 3028 Frigoribus
564 2966 644 3031 parto
663 2963 795 3030 agricolae
815 2962 977 3032 plerumque
994 2964 1130 3028 imuntur,
1205 2975 1243 3011 sco

386 3034 540 3105 Mutuaque
558 3038 631 3092 inter
649 3056 679 3093 se
697 3039 761 3092 laeti
781 3040 901 3093 convivia
919 3044 1031 3103 curant3

386 3110 491 3166 Invitat
508 3114 621 3180 genialis
639 3114 743 3183 hiemps
763 3133 896 3185 curasque
916 3116 1040 3170 resolvit:

386 3187 444 3241 Ceu
461 3206 572 3259 pressae
590 3207 652 3245 cum
669 3192 723 3245 iam
741 3196 852 3261 portum
870 3194 988 3259 tetigere
1005 3188 1120 3252 carinae,

386 3263 530 3334 Puppibus
548 3270 577 3321 et
594 3267 660 3322 laeti
678 3272 779 3322 nautae
797 3269 942 3336 inposuere
960 3279 1079 3320 coronas.

385 3338 442 3394 Sed
454 3344 547 3393 tamen
559 3346 590 3395 et
600 3360 719 3409 quernas
726 3344 847 3412 glandes
859 3347 920 3399 tum
933 3343 1072 3411 stringere
1079 3341 1198 3409 tempus
1209 3353 1252 3391 aas

373 3413 414 3463 Et
426 3413 502 3463 lauri
517 3413 599 3466 bacas
617 3417 765 3486 oleamque
783 3426 965 3495 cruentaque
983 3423 1100 3492 myrtus

363 3481 431 3531 Μ
445 3484 566 3546 wihus
580 3490 701 3556 pedicas
719 3501 754 3551 et
773 3500 855 3556 retia
871 3516 992 3572 ponere
1011 3497 1121 3568 cernis,
1145 3552 1150 3558 .

348 3544 525 3613 Anritosquc
540 3558 625 3623 sequi
642 3560 765 3631 lepores
771 3590 780 3635 ;
806 3574 877 3627 tum
899 3573 1005 3645 figere
1024 3573 1184 3633 (bb-mma
