3242 4159
662 518 848 569 AENEIDOS
863 518 936 570 LIB.
953 517 993 570 ΙΙ.
1212 521 1257 571 117

395 599 478 655 'faiis
487 595 638 666 lactabam,
656 600 686 653 et
701 596 803 653 flauam
820 602 914 654 mente
929 597 1058 669 ferebam]

396 677 472 732 Cum
488 674 556 730 mihi
574 691 610 741 se,
627 690 681 728 nou
699 675 865 739 antesoculis
882 679 940 729 tam
958 676 1038 744 clara,
1056 675 1203 731 videndam

395 752 512 809 Obtulit
528 755 558 807 et
575 768 645 821 pura
661 768 713 821 per
730 755 840 806 noctem
856 752 886 805 in
903 752 964 807 luce
981 753 1090 808 refulsit
1222 767 1259 807 seo

396 829 485 884 Alma
500 844 607 899 parens,
625 828 748 881 confessa
765 827 854 896 dmm,
872 828 1014 898 quadisque
1031 830 1120 885 videri

396 905 544 961 caelicolis
561 908 592 959 et
609 907 713 975 quauta
730 904 807 972 solet,
827 904 981 976 dextraque
999 906 1164 975 prehensum

396 981 550 1049 Continuit,
568 996 702 1049 roseoque
720 980 787 1034 haec
804 980 916 1050 insuper
932 981 1042 1036 addidit
1058 1000 1119 1038 ore:

397 1057 483 1126 Nate,
500 1058 562 1127 quis
578 1056 726 1110 indomitas
743 1059 839 1111 tantus
856 1057 935 1112 dolor
952 1059 1055 1113 excitat
1072 1060 1144 1114 irast

396 1134 475 1199 Quid
491 1134 577 1189 tumst
594 1136 643 1187 aut
660 1149 778 1201 quonam
795 1134 883 1187 nostri
900 1134 953 1188 tibi
969 1151 1035 1189 cura
1051 1136 1182 1191 recessiti
1221 1151 1257 1193 ose

395 1211 425 1268 N
427 1228 465 1264 on
481 1211 558 1280 prius
574 1209 695 1278 aspicies,
712 1207 760 1262 ubi
777 1209 880 1262 fessum
898 1214 990 1265 aetate
1007 1214 1152 1280 parentem

397 1286 528 1355 Liqucris
546 1286 704 1341 Anchisent
722 1287 835 1355 superet
851 1287 1004 1340 coniunxne
1022 1286 1135 1355 Creusa,

397 1363 590 1434 Ascaniusque
608 1363 693 1431 pueri
711 1378 780 1434 quos
798 1361 887 1415 omnis
904 1362 1027 1432 undique
1045 1363 1145 1417 Graiae

397 1438 604 1495 circumerrant
621 1438 700 1505 acies,
719 1441 755 1506 et,
773 1437 802 1491 ni
821 1454 883 1493 mea
900 1454 966 1492 cura
982 1440 1101 1507 resistat,

397 1515 463 1570 Iam
480 1515 605 1569 flammae
623 1515 737 1569 tulerint
754 1515 879 1570 inimicus
897 1520 927 1570 et
943 1515 1066 1571 hauserit
1083 1515 1162 1573 ensis.
1219 1528 1256 1569 uio

396 1591 463 1648 Non
480 1590 531 1645 tibi
548 1590 712 1660 Tyndaridis
728 1591 812 1645 facies
829 1592 916 1646 invisa
933 1592 1075 1647 Lacaenac

397 1666 567 1736 Culpatumc
586 1666 672 1735 Paris,
689 1667 781 1721 divom
798 1667 980 1734 inclementia,
999 1668 1097 1736 divom,

397 1744 462 1799 Has
478 1743 579 1798 evertit
596 1759 661 1812 opes
679 1744 833 1811 sternitque
851 1760 868 1796 a
885 1744 1001 1797 culmine
1019 1744 1132 1799 Troiam.

397 1820 655 1889 Aspice-namque
672 1836 788 1887 omnem,
807 1835 878 1887 quae
895 1836 967 1873 nuuc
985 1818 1103 1874 obducta
1119 1820 1210 1875 tuenti

397 1894 526 1951 Mortalis
543 1894 657 1951 hebetat
674 1896 748 1949 visus
765 1894 818 1950 tibi
835 1898 865 1948 et
882 1895 1113 1951 humida'circum
1217 1912 1254 1952 ooo

397 1972 513 2041 caligat,
531 1971 632 2026 nubem
650 1972 779 2040 eripiam3
796 1975 829 2026 tu
845 1988 881 2025 ne
899 1988 953 2041 qum
969 1971 1091 2041 parentis

397 2050 480 2105 Iussa
496 2049 573 2117 time,
589 2064 644 2102 neu
661 2048 817 2117 praeceptis
833 2065 932 2117 parere
949 2065 1077 2103 recusa-

396 2125 462 2193 Hie,
479 2125 528 2179 ubi
545 2124 675 2179 disiectus
692 2125 778 2178 moles
796 2126 942 2194 avolsaque
960 2125 1032 2180 saxis

396 2202 471 2257 Saxa
487 2202 565 2256 vides
582 2201 723 2269 mixtoque
740 2202 890 2255 undantem
907 2202 1021 2270 pulvere
1037 2202 1149 2272 fumum,

395 2278 545 2348 Neptunus
562 2292 654 2333 muros
672 2292 825 2347 magnoque
843 2282 935 2331 emota
951 2277 1064 2333 tridenti
1217 2293 1254 2333 mo

396 2354 590 2408 Fundamenta
607 2353 698 2421 quatit
715 2357 858 2422 totamque
874 2370 891 2406 a
909 2353 1019 2407 sedibus
1036 2354 1132 2408 urbem

395 2431 510 2504 Enuuq
522 2431 577 2486 Hic
596 2430 666 2483 luno
685 2430 784 2484 Scaeas
801 2429 958 2483 saevissima
974 2433 1069 2497 portas

396 2505 492 2561 Prima
509 2509 594 2573 tenet,
613 2506 770 2575 sociumque
786 2505 881 2559 furens
898 2521 915 2557 a
931 2503 1046 2559 navibus
1063 2522 1161 2575 agmen

396 2583 485 2638 Ferro
502 2582 623 2637 accincta
639 2584 727 2636 uocat.

396 2659 460 2714 Iam
477 2675 596 2714 summas
613 2675 689 2712 arces
707 2656 837 2724 Tritonia,
854 2655 966 2725 respice,
985 2655 1076 2712 Pallas
1217 2672 1253 2713 us

396 2735 513 2802 Insedit,
531 2736 625 2790 nimbo
642 2734 774 2802 effulgens
792 2737 822 2788 ct
839 2733 965 2800 Gorgone
984 2749 1071 2791 saeva

396 2811 465 2880 Ipse
483 2812 566 2868 Pater
584 2812 687 2865 Danais
704 2811 808 2864 animos
826 2809 946 2878 virisque
964 2812 1096 2867 secundas

396 2887 511 2956 Sufficit,
527 2887 587 2958 ipse
604 2888 670 2941 deos
681 2888 716 2958 ,in
735 2886 865 2941 Dardana
881 2887 997 2941 suscitat
1013 2904 1096 2943 arma

395 2962 489 3033 Eripe,
507 2967 579 3031 nate,
596 2964 697 3032 fugam,
715 2964 853 3031 finemque
871 2962 970 3032 inpone
987 2962 1079 3018 labori.

395 3039 541 3109 Nusquam
559 3039 649 3108 abero,
667 3044 697 3094 et
713 3043 805 3093 tutum
823 3040 912 3107 patrio
929 3043 959 3093 tc
975 3039 1068 3092 limine
1086 3038 1188 3092 sistam.
1219 3051 1254 3090 mo

396 3114 521 3182 Dixerat,
539 3121 568 3170 et
586 3116 679 3185 spissis
697 3115 785 3170 noctis
802 3132 833 3169 se
850 3115 974 3169 condidit
991 3114 1102 3169 mnbris.

396 3190 545 3259 Adparent
562 3190 639 3245 dirae
655 3192 739 3246 facies
755 3191 920 3259 inimicaque
938 3191 1034 3245 Troiae

395 3265 519 3320 Numina
535 3283 635 3335 magna
652 3268 741 3323 deum.

432 3342 502 3400 Tum
519 3359 584 3397 vero
602 3360 682 3398 omno
698 3344 765 3403 mihi
783 3341 871 3396 visum
888 3340 1030 3395 considere
1046 3342 1074 3396 in
1091 3341 1163 3407 ignis

395 3417 480 3473 Ilium
498 3422 528 3472 et
544 3435 579 3473 ex
595 3421 651 3472 imo
669 3421 739 3475 verti
758 3417 901 3489 Neptunia
916 3416 1017 3485 Troia,
1221 3431 1263 3468 aa

381 3493 431 3543 Ao
449 3492 535 3544 relati
551 3496 668 3550 summis
686 3498 839 3569 antiquam
855 3497 887 3554 in
904 3494 1054 3552 montibus
1070 3510 1177 3550 ornum

372 3559 444 3612 Oum
460 3564 538 3617 ferro
555 3571 680 3629 accisam
700 3576 878 3650 crebrisque
892 3574 1080 3649 bipustffiffi
1093 3570 1212 3628 'mim
1276 3639 1281 3652 .
