3242 4159
392 526 425 574 12
472 557 477 596 y
493 522 494 525 ’
626 522 656 573 Ρ.
675 523 828 571 VERGILI
845 521 1011 571 MARONIS

391 602 470 657 Haec
485 602 538 657 tibi
556 618 664 671 semper
681 604 770 669 erunt,
788 605 818 656 et
835 619 897 656 cum
914 603 1057 657 sollemnia
1072 605 1140 658 vota

389 677 549 731 Reddemus
567 678 709 746 Nymphis,
727 682 756 731 et
775 694 836 731 cum
854 678 1032 732 lustrabimus
1049 695 1139 745 agros
1225 695 1248 735 71

388 754 461 807 Dum
479 754 543 821 iuga
561 754 663 805 montis
681 771 753 821 opor,
772 754 869 806 fluvios
887 754 953 806 dum
970 754 1054 821 piscis
1070 755 1184 824 amabit,

387 829 515 897 Dumque
534 830 627 897 thymo
645 832 796 897 pascentur
814 846 886 895 apes,
906 830 971 881 dum
990 847 1052 882 rore
1070 830 1190 899 cicadae,

388 904 501 973 Semper
513 904 599 958 honos
611 922 766 973 nomenque
778 909 856 958 tuum
869 905 1021 973 laudesque
1038 906 1199 961 manebunt.

379 980 428 1035 Ut
446 981 553 1034 Baccho
573 981 730 1049 Cererique,
750 980 804 1033 tibi
822 981 860 1033 sic
878 984 942 1033 vota
960 981 1124 1048 quotannis

388 1057 533 1124 Agricolae
551 1057 670 1121 facient3
688 1056 831 1109 damnabis
849 1060 881 1109 tu
900 1073 1009 1124 quoque
1027 1056 1104 1109 uotis.
1223 1075 1247 1113 eo

420 1133 480 1185 Mo.
499 1133 575 1197 Quae
588 1132 648 1200 tibi,
661 1149 731 1199 quae
743 1131 793 1185 tali
805 1132 922 1184 reddam
935 1148 985 1199 pro
995 1132 1115 1184 carmine
1128 1134 1222 1189 donat

386 1206 459 1261 Nam
476 1225 565 1276 neque
583 1224 627 1260 me
645 1211 753 1260 tantum
772 1208 908 1261 venientis
927 1207 1022 1260 sibilus
1039 1208 1134 1275 austri,
1204 1201 1206 1206 ’

386 1284 413 1338 N
415 1300 445 1337 ec
462 1300 590 1353 percussa
608 1284 703 1336 iuvant
720 1284 806 1337 fluctu
824 1287 882 1337 tam
899 1283 989 1349 litora,
1007 1298 1057 1335 nec
1075 1299 1146 1350 quac

386 1359 503 1414 Saxosas
520 1360 593 1413 inter
611 1360 761 1414 decurrunt
779 1359 891 1411 flumina
908 1358 1000 1411 valles.

385 1436 442 1490 Mo.
462 1437 522 1489 Hac
539 1440 569 1489 te
586 1452 636 1488 nos
654 1436 745 1502 fragili
764 1435 926 1488 donabimus
943 1438 1008 1487 ante
1026 1433 1121 1488 cicuta
1223 1454 1247 1491 eo

386 1509 464 1565 Haec
482 1528 538 1578 nos,
558 1512 719 1563 Formosum
738 1511 863 1577 Corydon
881 1510 997 1563 ardebat
1017 1510 1136 1578 Alexim,

386 1587 464 1641 Haec
482 1587 579 1640 eadem
598 1586 699 1652 docuit,
719 1586 818 1639 Cuium
836 1587 939 1653 pecus?
958 1602 993 1637 an
1011 1585 1162 1655 Meliboeil

385 1662 444 1716 Mo.
458 1665 498 1716 At
510 1666 542 1716 tu
554 1678 630 1715 sume
643 1661 753 1729 pedum,
766 1661 849 1728 quod,
861 1677 906 1713 me
918 1678 979 1713 cum
992 1677 1074 1728 saepe
1086 1666 1207 1731 rogaret,

385 1739 412 1792 N
414 1756 449 1792 on
466 1739 532 1792 tulit
550 1738 767 1805 Antigenes-et
785 1740 846 1790 erat
864 1740 923 1790 tum
942 1735 1041 1803 dignus
1059 1738 1181 1791 amari-

385 1812 546 1868 Pormosum
563 1813 676 1881 paribus
693 1814 773 1866 nodis
791 1816 877 1881 atque
895 1828 968 1879 aere,
987 1812 1121 1867 Menalca.
1222 1831 1248 1868 oo

675 1980 866 2040 ECLOGA
894 1984 953 2042 VI.

746 2095 881 2145 VARUS.

383 2195 482 2252 Parnm
500 2199 640 2269 Syracosio
657 2199 772 2268 dignata
790 2204 833 2255 est
850 2201 947 2255 ludere
965 2219 1047 2256 versu

383 2272 485 2328 Nostra
503 2293 553 2330 nec
570 2276 682 2330 erubuit
701 2276 783 2330 silvas
802 2277 930 2331 habitare
948 2278 1051 2331 Thalia

382 2348 452 2403 Cum
469 2368 594 2407 canerem
611 2368 690 2419 reges
708 2355 737 2405 et
755 2354 866 2421 proelia,
885 2353 1020 2420 Cynthius
1037 2369 1132 2407 aurem

383 2420 474 2493 vellit,
492 2431 522 2482 et
539 2428 699 2483 admonuit:
720 2426 871 2496 Pastorem,
891 2428 992 2496 Tityre,
1011 2428 1122 2497 pinguis

382 2500 499 2559 Pascere
516 2508 625 2574 oportet
643 2504 708 2571 ovis,
727 2504 877 2558 deductum
896 2505 987 2558 dicere
1005 2520 1122 2558 carmen
1233 2520 1247 2561 1

383 2576 463 2632 Nunc
474 2596 680 2647 ego-namque
693 2597 777 2648 super
789 2579 842 2632 tibi
855 2582 943 2644 erunt,
957 2580 1006 2647 qui
1020 2579 1111 2632 dicere
1122 2579 1230 2649 laudes,

384 2651 465 2722 Varo,
483 2658 544 2707 tuas
562 2656 672 2722 cupiant
690 2659 720 2707 et
737 2655 829 2707 tristia
846 2655 966 2708 condere
985 2654 1094 2708 bella-

384 2728 532 2796 Agrestem
549 2729 625 2782 tenui
643 2729 799 2781 meditabor
817 2730 951 2784 arimdine
970 2730 1087 2784 Musam.

382 2804 445 2857 Non
457 2804 559 2857 iniussa
570 2820 643 2858 cano.
679 2803 707 2857 Si
721 2805 782 2872 quis
795 2808 888 2858 tamen
900 2806 969 2859 haec
981 2823 1098 2874 quoque,
1111 2807 1134 2860 si
1147 2809 1211 2877 quis

383 2879 487 2948 Captus
505 2896 597 2933 amore
614 2881 696 2948 leget,
716 2883 745 2933 te
762 2884 880 2948 nostrae,
900 2881 982 2949 Varo,
1001 2883 1129 2950 myricae,
1222 2900 1246 2937 11

383 2954 422 3009 'Pe
439 2972 534 3009 nemus
552 2972 631 3008 omne
650 2960 730 3009 canet
740 2977 747 3021 ;
765 2973 817 3010 nee
836 2956 948 3010 Phoebo
966 2959 1073 3025 gratior
1091 2960 1148 3012 ulla
1166 2965 1219 3028 est,
1287 2977 1290 3046 y

383 3032 471 3097 Quam
489 3032 540 3085 sibi
559 3048 628 3099 quae
647 3032 716 3085 Vari
734 3033 914 3102 praescripsit
931 3036 1032 3101 pagina
1050 3052 1157 3090 nomen.

418 3107 536 3176 Pergite,
555 3106 686 3160 Pierides.
724 3108 850 3162 Chromis
868 3112 898 3162 et
916 3109 1055 3177 Mnasylos
1072 3111 1101 3164 in
1119 3115 1202 3165 antro

382 3182 503 3238 Silenum
521 3184 599 3252 pueri
617 3199 711 3237 somno
731 3183 986 3251 videraiacentem,

383 3258 513 3313 Inflatum
530 3260 660 3313 hesterno
678 3276 767 3326 venas,
787 3263 820 3314 ut
837 3277 953 3330 semper,
972 3261 1086 3315 Iaccho:
1226 3278 1241 3314 1.

377 3334 461 3387 Serta
475 3336 574 3402 procul
593 3338 703 3389 tantum
720 3336 804 3404 capiti
824 3335 935 3405 delapsa
954 3336 1088 3403 iacebant,

362 3406 406 3459 Et
417 3410 518 3473 gnaris
536 3413 639 3467 attrita
655 3412 803 3483 pendebat
822 3413 975 3466 cantharus
990 3428 1068 3464 ansa
1193 3439 1196 3444 ·
1284 3379 1290 3470 i

350 3478 607 3546 Adgressi-nam
630 3508 720 3563 saepe
738 3507 830 3547 senex
849 3506 903 3559 spe
919 3487 1055 3543 carminis
1068 3483 1154 3536 ambo

382 3562 649 3625 cerat-inliciunt
670 3571 746 3641 ipsis
768 3587 811 3626 ex
827 3567 949 3625 uincula
966 3561 1067 3617 sertis·
