3242 4159
543 504 555 520 ‘
640 521 843 570 eucnemon
862 522 930 570 um.
950 522 1001 570 111.
1212 523 1243 569 ea

382 608 526 674 squamea
543 601 705 657 convolvens
723 602 831 656 sublato
849 605 961 671 pectore
979 606 1059 669 terga

387 685 486 750 Atque
503 679 576 732 notis
594 679 702 746 longam
721 679 873 732 maculosus
890 678 1041 746 grandibus
1058 678 1156 744 alvum,

385 758 451 824 Qui,
471 756 536 810 dum
555 772 648 808 onmes
665 755 714 809 ulli
733 758 897 823 rumpuntur
914 754 1037 808 fontibus
1055 757 1083 806 et
1101 753 1167 805 dum

386 835 464 888 Vere
481 832 595 886 madent
613 832 668 884 udo
686 834 778 885 terrae
797 848 829 885 ac
845 831 1010 899 pluvialibus
1028 830 1135 898 austris,

385 911 492 978 Stagna
510 909 581 975 eolit,
599 908 721 977 ripisque
738 908 872 971 habitans
890 908 933 962 hic
950 908 1070 977 piscibus
1087 910 1176 961 atram
1207 921 1243 959 eso

387 987 526 1055 Inprobus
544 984 839 1054 ingluviem‘ranisque
856 985 1015 1054 loquacibus
1033 986 1138 1055 explet;

389 1064 541 1132 Postquam
559 1066 657 1117 exusta
674 1062 759 1131 palus,
778 1065 925 1131 terraeque
943 1063 1040 1117 ardore
1058 1063 1207 1123 dehiscunt

389 1139 489 1193 Exsilit
506 1140 534 1193 in
553 1139 660 1204 siceum,
679 1142 708 1193 et
726 1139 894 1193 flammantia
912 1140 1014 1194 lumina
1031 1144 1160 1207 torquens

388 1216 484 1269 Saevit
500 1215 581 1284 agris,
600 1232 735 1284 asperque
755 1216 800 1268 siti
819 1219 903 1285 atquc
921 1209 1071 1269 exterritus
1088 1218 1172 1267 aestu.

387 1292 450 1346 Nee
466 1292 533 1345 mihi
551 1295 610 1346 tum
629 1293 717 1346 mollis
735 1293 786 1346 sub
805 1293 868 1346 divo
886 1310 997 1361 carpere
1015 1308 1129 1356 somnos,
1207 1302 1243 1341 435

387 1368 453 1422 Neu
470 1368 551 1423 dorso
568 1370 686 1423 nemoris
704 1370 789 1423 libeat
806 1369 921 1423 iacuisse
938 1386 989 1439 per
1004 1367 1111 1435 herbas,

388 1444 460 1499 Cum
477 1445 574 1514 positis
591 1463 677 1501 novus
695 1447 799 1501 exuviis
817 1447 976 1517 nitidusque
993 1447 1104 1500 iuventa

388 1520 524 1592 Volvitur,
543 1526 591 1577 aut
608 1525 713 1578 catulos
731 1525 812 1578 tectis
830 1528 878 1578 aut
896 1541 947 1578 ova
963 1524 1126 1592 relinquens,

388 1597 504 1653 Arduus
521 1600 558 1655 ad
576 1601 669 1668 solem,
688 1603 718 1654 et
735 1600 836 1668 linguis
853 1600 937 1653 micat
954 1617 1002 1654 ore
1020 1598 1146 1653 trisulcis

424 1674 585 1730 Morborum
602 1693 712 1747 quoque
730 1680 760 1731 te
777 1692 887 1732 caussas
907 1680 937 1729 ct
954 1677 1031 1743 signa
1049 1674 1160 1747 docebo.
1208 1685 1243 1722 eso

389 1750 489 1819 Turpis
505 1752 563 1806 ovis
580 1756 699 1821 temptat
717 1753 828 1819 scabies,
845 1753 894 1807 ubi
912 1753 1026 1821 frigidus
1042 1749 1131 1803 imber

389 1826 484 1880 Altius
502 1828 539 1881 ad
555 1829 646 1883 vivum
663 1830 786 1898 persedit
804 1835 833 1884 et
849 1830 960 1883 horrida
977 1845 1043 1883 cano

389 1903 495 1959 Bruma
513 1905 585 1974 gelu,
602 1906 646 1960 vel
664 1923 726 1960 eum
744 1908 831 1960 tonsis
849 1907 950 1961 inlotus
967 1904 1091 1959 adhaesit

389 1979 490 2048 Sudor,
508 1985 537 2035 et
553 1982 654 2037 hirsuti
672 1986 819 2037 secuerunt
836 1999 949 2051 corpora
966 1999 1069 2051 vepres

389 2055 526 2111 Dulcibus
543 2058 644 2113 idcireo
662 2060 752 2114 fluviis
769 2077 853 2128 pecus
872 2076 951 2112 omne
968 2057 1092 2127 magistri
1207 2071 1243 2109 es

389 2126 572 2200 Perfundunt,
589 2131 706 2203 udisque
725 2137 794 2190 aries
814 2138 842 2190 in
859 2137 969 2204 gurgite
987 2136 1058 2189 villis

389 2208 538 2278 Mereatur,
557 2212 710 2280 missusque
729 2213 848 2267 secundo
867 2213 964 2267 defluit
981 2212 1068 2276 amni;

390 2287 452 2338 Aut
469 2288 580 2341 tonsum
596 2290 672 2342 tristi
690 2291 852 2359 contingunt
869 2307 966 2358 eorpus
983 2304 1103 2355 amurga,

389 2358 428 2413 Et
447 2360 557 2430 spumas
573 2364 689 2419 miscent
706 2367 813 2435 argenti
831 2367 946 2434 vivaque
964 2365 1067 2417 sulfura

390 2437 547 2505 Idaeasque
563 2440 639 2508 pices
656 2444 685 2495 et
702 2443 811 2512 pinguis
829 2442 949 2508 unguine
967 2456 1042 2492 ceras
1210 2452 1243 2490 rso

390 2513 558 2583 Scillamque
576 2515 765 2586 elleborosque
783 2518 874 2586 gravis
892 2517 1055 2584 nigrumque
1073 2512 1204 2567 bitumen.

390 2589 417 2641 N
419 2605 455 2643 on
472 2595 564 2645 tamen
581 2592 638 2646 ulla
655 2595 741 2662 magis
758 2610 886 2663 praesens
903 2593 1013 2645 fortuna
1030 2590 1152 2644 laborum
1170 2595 1220 2658 cst,

392 2666 482 2730 Quam
500 2666 524 2721 si
542 2669 604 2736 quis
621 2670 694 2723 ferro
712 2669 803 2738 potuit
821 2668 978 2724 rescindere
995 2685 1130 2722 summum

391 2741 501 2795 Ulceris
519 2759 563 2797 os:
582 2744 665 2798 alitur
682 2748 779 2800 vitium
797 2747 920 2816 vivitque
937 2746 1064 2813 tegendo,

391 2817 467 2871 Dum
485 2820 606 2873 medicas
624 2821 755 2875 adhibere
773 2839 869 2875 manus
887 2822 923 2876 ad
941 2822 1052 2876 volnera
1068 2824 1162 2891 pastor
1208 2835 1245 2872 ceo

391 2893 532 2963 Abnegat,
550 2900 599 2951 eut
616 2898 729 2951 meliora
746 2898 812 2951 deos
830 2899 909 2953 sedet
926 2900 1015 2952 omina
1032 2914 1151 2967 poscens.

392 2970 474 3035 Quin
485 2971 576 3038 etiam,
593 2973 649 3027 ima
666 2975 744 3029 dolor
761 2976 902 3030 balantum
920 2976 1013 3045 lapsus
1030 2975 1066 3029 ad
1083 2989 1146 3027 ossa

392 3047 464 3101 Cum
482 3048 550 3104 furit
567 3053 651 3119 atque
668 3056 745 3105 artus
763 3052 921 3121 depaseitur
939 3052 1016 3106 arida
1032 3050 1123 3112 febris

392 3123 503 3178 Profuit
520 3127 643 3180 incensos
660 3129 752 3180 aestus
769 3133 895 3182 avertere
912 3132 941 3185 et
958 3129 1031 3181 inter

393 3200 456 3253 Ima
472 3201 556 3256 ferire
573 3203 652 3272 pedis
670 3203 812 3258 salientem
830 3205 961 3271 sanguine
978 3215 1090 3264 venam;
1209 3212 1246 3250 coo

392 3270 516 3332 Bisaltae
534 3294 589 3347 quo
607 3294 683 3332 more
701 3280 789 3333 solent
806 3296 924 3348 acerque
942 3278 1068 3340 Gelonus,

394 3353 464 3407 eum
481 3354 555 3422 fugit
571 3355 600 3408 in
619 3355 771 3425 Rhodopen
790 3359 875 3425 atquo
891 3356 921 3409 in
938 3354 1051 3409 deserta
1066 3352 1207 3406 Getarum

389 3429 431 3481 Et
443 3430 488 3481 lac
502 3433 658 3488 concretum
678 3448 740 3485 cum
761 3433 897 3502 sanguine
914 3435 1000 3505 petet
1016 3429 1133 3501 eqmno.

379 3499 466 3581 Qum
479 3503 580 3567 crocu!
596 3510 647 3560 aut
665 3508 747 3565 molli
768 3512 930 3569 succedere
947 3512 1069 3583 saepius
1084 3506 1212 3563 umbrae

370 3567 485 3637 Videris,
502 3580 556 3630 aut
571 3594 704 3641 summas
723 3595 907 3661 carpentem
926 3591 1071 3666 ignavius
1085 3583 1216 3646 nerbas,
1274 3598 1276 3609 ¹
