<?xml version="1.0" encoding="UTF-8"?>
<!DOCTYPE html PUBLIC "-//W3C//DTD XHTML 1.0 Transitional//EN"
    "http://www.w3.org/TR/xhtml1/DTD/xhtml1-transitional.dtd">
<html xmlns="http://www.w3.org/1999/xhtml" xml:lang="en" lang="en">
 <head>
  <title>
</title>
<meta http-equiv="Content-Type" content="text/html;charset=utf-8" />
  <meta name='ocr-system' content='tesseract 3.04.00' />
  <meta name='ocr-capabilities' content='ocr_page ocr_carea ocr_par ocr_line ocrx_word'/>
</head>
<body>
  <div class='ocr_page' id='page_1' title='image "./publivergilimar00conigoog/publivergilimar00conigoog_0129.png"; bbox 0 0 3242 4159; ppageno 0'>
   <div class='ocr_carea' id='block_1_1' title="bbox 355 518 1237 826">
    <p class='ocr_par' dir='ltr' id='par_1_1' title="bbox 355 518 1237 826">
     <span class='ocr_line' id='line_1_1' title="bbox 636 518 1235 569; baseline 0 -2"><span class='ocrx_word' id='word_1_1' title='bbox 636 518 821 568; x_wconf 82' lang='lat' dir='ltr'>AENEIDOS</span> <span class='ocrx_word' id='word_1_2' title='bbox 836 519 905 569; x_wconf 91' lang='lat' dir='ltr'><strong>LIB.</strong></span> <span class='ocrx_word' id='word_1_3' title='bbox 925 519 964 569; x_wconf 90' lang='grc' dir='ltr'>ΙΙ.</span> <span class='ocrx_word' id='word_1_4' title='bbox 1189 518 1235 567; x_wconf 81' lang='grc'>109</span> 
     </span>
     <span class='ocr_line' id='line_1_2' title="bbox 415 593 1185 672; baseline -0.003 -15"><span class='ocrx_word' id='word_1_5' title='bbox 415 593 539 672; x_wconf 81' lang='lat' dir='ltr'>&#39;l&#39;empus</span> <span class='ocrx_word' id='word_1_6' title='bbox 555 601 623 668; x_wconf 86' lang='lat' dir='ltr'>erat,</span> <span class='ocrx_word' id='word_1_7' title='bbox 641 616 696 669; x_wconf 89' lang='lat' dir='ltr'>quo</span> <span class='ocrx_word' id='word_1_8' title='bbox 712 599 802 668; x_wconf 88' lang='lat' dir='ltr'>prima</span> <span class='ocrx_word' id='word_1_9' title='bbox 819 600 899 669; x_wconf 88' lang='lat' dir='ltr'>quies</span> <span class='ocrx_word' id='word_1_10' title='bbox 915 599 1078 669; x_wconf 77' lang='lat' dir='ltr'><strong>mortalibus</strong></span> <span class='ocrx_word' id='word_1_11' title='bbox 1095 601 1185 669; x_wconf 74' lang='lat' dir='ltr'>aegris</span> 
     </span>
     <span class='ocr_line' id='line_1_3' title="bbox 355 675 1016 758; baseline -0.002 -26"><span class='ocrx_word' id='word_1_12' title='bbox 355 677 487 758; x_wconf 35' lang='lat' dir='ltr'>*Incipit</span> <span class='ocrx_word' id='word_1_13' title='bbox 503 675 623 732; x_wconf 79' lang='lat' dir='ltr'>et‘dono</span> <span class='ocrx_word' id='word_1_14' title='bbox 640 676 732 729; x_wconf 87' lang='lat' dir='ltr'>divom</span> <span class='ocrx_word' id='word_1_15' title='bbox 748 676 906 743; x_wconf 80' lang='lat' dir='ltr'>gratissima</span> <span class='ocrx_word' id='word_1_16' title='bbox 923 679 1016 745; x_wconf 79' lang='lat' dir='ltr'><strong>serpit.</strong></span> 
     </span>
     <span class='ocr_line' id='line_1_4' title="bbox 355 752 1237 826; baseline 0.003 -20"><span class='ocrx_word' id='word_1_17' title='bbox 355 753 417 826; x_wconf 51' lang='grc' dir='ltr'>κΙιι</span> <span class='ocrx_word' id='word_1_18' title='bbox 435 752 546 819; x_wconf 89' lang='lat' dir='ltr'>somnis,</span> <span class='ocrx_word' id='word_1_19' title='bbox 565 768 635 819; x_wconf 90' lang='lat' dir='ltr'>ecce,</span> <span class='ocrx_word' id='word_1_20' title='bbox 653 755 718 805; x_wconf 88' lang='lat' dir='ltr'>ante</span> <span class='ocrx_word' id='word_1_21' title='bbox 735 752 827 806; x_wconf 74' lang='lat' dir='ltr'>oculm</span> <span class='ocrx_word' id='word_1_22' title='bbox 843 753 1041 807; x_wconf 88' lang='lat' dir='ltr'>maestissimus</span> <span class='ocrx_word' id='word_1_23' title='bbox 1059 756 1166 809; x_wconf 88' lang='lat' dir='ltr'>Hector</span> <span class='ocrx_word' id='word_1_24' title='bbox 1200 768 1237 810; x_wconf 73' lang='lat' dir='ltr'>aro</span> 
     </span>
    </p>
   </div>
   <div class='ocr_carea' id='block_1_2' title="bbox 369 827 1256 3560">
    <p class='ocr_par' dir='ltr' id='par_1_2' title="bbox 380 827 1101 898">
     <span class='ocr_line' id='line_1_5' title="bbox 380 827 1101 898; baseline 0.001 -16"><span class='ocrx_word' id='word_1_25' title='bbox 380 829 469 884; x_wconf 85' lang='lat' dir='ltr'>Visus</span> <span class='ocrx_word' id='word_1_26' title='bbox 484 827 584 888; x_wconf 83' lang='lat' dir='ltr'>adesse</span> <span class='ocrx_word' id='word_1_27' title='bbox 600 828 676 895; x_wconf 90' lang='lat' dir='ltr'>mihi,</span> <span class='ocrx_word' id='word_1_28' title='bbox 693 828 838 897; x_wconf 81' lang='lat' dir='ltr'>largosque</span> <span class='ocrx_word' id='word_1_29' title='bbox 855 829 995 883; x_wconf 86' lang='lat' dir='ltr'>effundero</span> <span class='ocrx_word' id='word_1_30' title='bbox 1012 830 1101 898; x_wconf 74' lang='lat' dir='ltr'>fletum,</span> 
     </span>
    </p>

    <p class='ocr_par' dir='ltr' id='par_1_3' title="bbox 380 903 1097 973">
     <span class='ocr_line' id='line_1_6' title="bbox 380 903 1097 973; baseline 0.006 -16"><span class='ocrx_word' id='word_1_31' title='bbox 380 904 522 973; x_wconf 84' lang='lat' dir='ltr'>Raptatus</span> <span class='ocrx_word' id='word_1_32' title='bbox 539 903 618 972; x_wconf 86' lang='lat' dir='ltr'>bigis,</span> <span class='ocrx_word' id='word_1_33' title='bbox 635 908 667 957; x_wconf 90' lang='lat' dir='ltr'>ut</span> <span class='ocrx_word' id='word_1_34' title='bbox 685 904 832 973; x_wconf 87' lang='lat' dir='ltr'>quondam,</span> <span class='ocrx_word' id='word_1_35' title='bbox 850 908 965 973; x_wconf 90' lang='lat' dir='ltr'>aterque</span> <span class='ocrx_word' id='word_1_36' title='bbox 983 910 1097 961; x_wconf 90' lang='lat' dir='ltr'>cruento</span> 
     </span>
    </p>

    <p class='ocr_par' dir='ltr' id='par_1_4' title="bbox 380 980 1118 1049">
     <span class='ocr_line' id='line_1_7' title="bbox 380 980 1118 1049; baseline 0.003 -15"><span class='ocrx_word' id='word_1_37' title='bbox 380 980 510 1048; x_wconf 79' lang='lat' dir='ltr'>Pulvere,</span> <span class='ocrx_word' id='word_1_38' title='bbox 528 996 633 1049; x_wconf 80' lang='lat' dir='ltr'><strong>perque</strong></span> <span class='ocrx_word' id='word_1_39' title='bbox 651 981 736 1048; x_wconf 88' lang='lat' dir='ltr'>pedes</span> <span class='ocrx_word' id='word_1_40' title='bbox 753 980 886 1034; x_wconf 87' lang='lat' dir='ltr'>traiectus</span> <span class='ocrx_word' id='word_1_41' title='bbox 904 981 962 1034; x_wconf 88' lang='lat' dir='ltr'>lora</span> <span class='ocrx_word' id='word_1_42' title='bbox 978 983 1118 1037; x_wconf 88' lang='lat' dir='ltr'>tumentis.</span> 
     </span>
    </p>

    <p class='ocr_par' dir='ltr' id='par_1_5' title="bbox 380 1056 1168 1125">
     <span class='ocr_line' id='line_1_8' title="bbox 380 1056 1168 1125; baseline 0.003 -15"><span class='ocrx_word' id='word_1_43' title='bbox 380 1056 440 1110; x_wconf 88' lang='lat' dir='ltr'>Hei</span> <span class='ocrx_word' id='word_1_44' title='bbox 458 1057 533 1122; x_wconf 81' lang='lat' dir='ltr'>mihi,</span> <span class='ocrx_word' id='word_1_45' title='bbox 550 1056 637 1125; x_wconf 88' lang='lat' dir='ltr'>qualis</span> <span class='ocrx_word' id='word_1_46' title='bbox 656 1058 732 1110; x_wconf 88' lang='lat' dir='ltr'>erat!</span> <span class='ocrx_word' id='word_1_47' title='bbox 753 1060 887 1124; x_wconf 87' lang='lat' dir='ltr'>quantum</span> <span class='ocrx_word' id='word_1_48' title='bbox 904 1060 1027 1111; x_wconf 89' lang='lat' dir='ltr'>mutatus</span> <span class='ocrx_word' id='word_1_49' title='bbox 1046 1058 1081 1111; x_wconf 88' lang='lat' dir='ltr'>ab</span> <span class='ocrx_word' id='word_1_50' title='bbox 1098 1058 1145 1111; x_wconf 93' lang='lat' dir='ltr'>illo</span> <span class='ocrx_word' id='word_1_51' title='bbox 1165 1065 1168 1072; x_wconf 88' lang='lat'>&#39;</span> 
     </span>
    </p>

    <p class='ocr_par' dir='ltr' id='par_1_6' title="bbox 380 1131 1237 1202">
     <span class='ocr_line' id='line_1_9' title="bbox 380 1131 1237 1202; baseline 0.001 -16"><span class='ocrx_word' id='word_1_52' title='bbox 380 1134 515 1199; x_wconf 89' lang='lat' dir='ltr'>Hectore,</span> <span class='ocrx_word' id='word_1_53' title='bbox 534 1133 582 1201; x_wconf 90' lang='lat' dir='ltr'>qui</span> <span class='ocrx_word' id='word_1_54' title='bbox 598 1131 672 1185; x_wconf 89' lang='lat' dir='ltr'>redit</span> <span class='ocrx_word' id='word_1_55' title='bbox 689 1133 801 1185; x_wconf 86' lang='lat' dir='ltr'>exuvias</span> <span class='ocrx_word' id='word_1_56' title='bbox 818 1132 931 1186; x_wconf 87' lang='lat' dir='ltr'>indutus</span> <span class='ocrx_word' id='word_1_57' title='bbox 950 1133 1058 1202; x_wconf 83' lang='lat' dir='ltr'><strong>Achilli,</strong></span> <span class='ocrx_word' id='word_1_58' title='bbox 1200 1147 1237 1189; x_wconf 65' lang='lat' dir='ltr'>aas</span> 
     </span>
    </p>

    <p class='ocr_par' dir='ltr' id='par_1_7' title="bbox 380 1207 1139 1277">
     <span class='ocr_line' id='line_1_10' title="bbox 380 1207 1139 1277; baseline 0.001 -15"><span class='ocrx_word' id='word_1_59' title='bbox 380 1208 438 1262; x_wconf 82' lang='lat' dir='ltr'>Vel</span> <span class='ocrx_word' id='word_1_60' title='bbox 457 1208 582 1262; x_wconf 86' lang='lat' dir='ltr'>Danaum</span> <span class='ocrx_word' id='word_1_61' title='bbox 601 1207 733 1276; x_wconf 82' lang='lat' dir='ltr'>Phrygios</span> <span class='ocrx_word' id='word_1_62' title='bbox 749 1207 885 1260; x_wconf 86' lang='lat' dir='ltr'>iaculatus</span> <span class='ocrx_word' id='word_1_63' title='bbox 902 1208 1039 1276; x_wconf 86' lang='lat' dir='ltr'>puppibus</span> <span class='ocrx_word' id='word_1_64' title='bbox 1055 1211 1139 1277; x_wconf 80' lang='lat' dir='ltr'>ignis!</span> 
     </span>
    </p>

    <p class='ocr_par' dir='ltr' id='par_1_8' title="bbox 382 1283 1148 1352">
     <span class='ocr_line' id='line_1_11' title="bbox 382 1283 1148 1352; baseline 0 -14"><span class='ocrx_word' id='word_1_65' title='bbox 382 1284 564 1352; x_wconf 70' lang='lat' dir='ltr'>squalentem</span> <span class='ocrx_word' id='word_1_66' title='bbox 581 1283 694 1337; x_wconf 88' lang='lat' dir='ltr'>barbam</span> <span class='ocrx_word' id='word_1_67' title='bbox 713 1286 742 1336; x_wconf 92' lang='lat' dir='ltr'>et</span> <span class='ocrx_word' id='word_1_68' title='bbox 759 1287 900 1337; x_wconf 86' lang='lat' dir='ltr'>concretos</span> <span class='ocrx_word' id='word_1_69' title='bbox 918 1284 1049 1352; x_wconf 67' lang='lat' dir='ltr'>sangiune</span> <span class='ocrx_word' id='word_1_70' title='bbox 1066 1286 1148 1338; x_wconf 88' lang='lat' dir='ltr'>crinis</span> 
     </span>
    </p>

    <p class='ocr_par' dir='ltr' id='par_1_9' title="bbox 380 1359 1198 1429">
     <span class='ocr_line' id='line_1_12' title="bbox 380 1359 1198 1429; baseline 0.001 -16"><span class='ocrx_word' id='word_1_71' title='bbox 380 1359 560 1429; x_wconf 81' lang='lat' dir='ltr'>Volneraqne</span> <span class='ocrx_word' id='word_1_72' title='bbox 577 1360 624 1413; x_wconf 85' lang='lat' dir='ltr'>illa</span> <span class='ocrx_word' id='word_1_73' title='bbox 640 1376 744 1427; x_wconf 78' lang='lat' dir='ltr'>gerens,</span> <span class='ocrx_word' id='word_1_74' title='bbox 764 1376 835 1428; x_wconf 86' lang='lat' dir='ltr'>quae</span> <span class='ocrx_word' id='word_1_75' title='bbox 854 1359 954 1413; x_wconf 88' lang='lat' dir='ltr'>circum</span> <span class='ocrx_word' id='word_1_76' title='bbox 971 1361 1089 1429; x_wconf 88' lang='lat' dir='ltr'>plurima</span> <span class='ocrx_word' id='word_1_77' title='bbox 1105 1378 1198 1415; x_wconf 88' lang='lat' dir='ltr'>muros</span> 
     </span>
    </p>

    <p class='ocr_par' dir='ltr' id='par_1_10' title="bbox 381 1436 1039 1504">
     <span class='ocr_line' id='line_1_13' title="bbox 381 1436 1039 1504; baseline 0.002 -15"><span class='ocrx_word' id='word_1_78' title='bbox 381 1436 502 1504; x_wconf 75' lang='lat' dir='ltr'>Accepit</span> <span class='ocrx_word' id='word_1_79' title='bbox 518 1436 629 1503; x_wconf 90' lang='lat' dir='ltr'>patrios.</span> <span class='ocrx_word' id='word_1_80' title='bbox 665 1436 747 1489; x_wconf 91' lang='lat' dir='ltr'>Ultro</span> <span class='ocrx_word' id='word_1_81' title='bbox 765 1436 833 1489; x_wconf 86' lang='lat' dir='ltr'>flens</span> <span class='ocrx_word' id='word_1_82' title='bbox 850 1436 908 1504; x_wconf 89' lang='lat' dir='ltr'>ipse</span> <span class='ocrx_word' id='word_1_83' title='bbox 926 1436 1039 1490; x_wconf 78' lang='lat' dir='ltr'>videbar</span> 
     </span>
    </p>

    <p class='ocr_par' dir='ltr' id='par_1_11' title="bbox 380 1512 1237 1581">
     <span class='ocr_line' id='line_1_14' title="bbox 380 1512 1237 1581; baseline 0.004 -16"><span class='ocrx_word' id='word_1_84' title='bbox 380 1512 556 1580; x_wconf 77' lang='lat' dir='ltr'>Compellare</span> <span class='ocrx_word' id='word_1_85' title='bbox 574 1512 664 1565; x_wconf 90' lang='lat' dir='ltr'>virum</span> <span class='ocrx_word' id='word_1_86' title='bbox 682 1515 711 1565; x_wconf 92' lang='lat' dir='ltr'>et</span> <span class='ocrx_word' id='word_1_87' title='bbox 728 1515 847 1566; x_wconf 82' lang='lat' dir='ltr'>maestas</span> <span class='ocrx_word' id='word_1_88' title='bbox 865 1529 1026 1581; x_wconf 83' lang='lat' dir='ltr'>expromere</span> <span class='ocrx_word' id='word_1_89' title='bbox 1043 1531 1135 1568; x_wconf 83' lang='lat' dir='ltr'>voces:</span> <span class='ocrx_word' id='word_1_90' title='bbox 1199 1530 1237 1568; x_wconf 82' lang='lat' dir='ltr'>aec</span> 
     </span>
    </p>

    <p class='ocr_par' dir='ltr' id='par_1_12' title="bbox 381 1587 1080 1658">
     <span class='ocr_line' id='line_1_15' title="bbox 381 1587 1080 1658; baseline 0.003 -17"><span class='ocrx_word' id='word_1_91' title='bbox 381 1588 406 1641; x_wconf 93' lang='grc' dir='ltr'>Ο</span> <span class='ocrx_word' id='word_1_92' title='bbox 426 1588 475 1641; x_wconf 85' lang='lat' dir='ltr'>lux</span> <span class='ocrx_word' id='word_1_93' title='bbox 494 1587 655 1655; x_wconf 82' lang='lat' dir='ltr'>Dardaniae,</span> <span class='ocrx_word' id='word_1_94' title='bbox 675 1604 770 1656; x_wconf 87' lang='lat' dir='ltr'>spese</span> <span class='ocrx_word' id='word_1_95' title='bbox 788 1588 921 1642; x_wconf 86' lang='lat' dir='ltr'>fidissima</span> <span class='ocrx_word' id='word_1_96' title='bbox 939 1589 1080 1658; x_wconf 78' lang='lat' dir='ltr'>Teucrum,</span> 
     </span>
    </p>

    <p class='ocr_par' dir='ltr' id='par_1_13' title="bbox 381 1664 1201 1732">
     <span class='ocr_line' id='line_1_16' title="bbox 381 1664 1201 1732; baseline 0.002 -15"><span class='ocrx_word' id='word_1_97' title='bbox 381 1664 461 1728; x_wconf 84' lang='lat' dir='ltr'>Quae</span> <span class='ocrx_word' id='word_1_98' title='bbox 478 1667 573 1718; x_wconf 88' lang='lat' dir='ltr'>tantae</span> <span class='ocrx_word' id='word_1_99' title='bbox 590 1668 704 1718; x_wconf 88' lang='lat' dir='ltr'>tenuere</span> <span class='ocrx_word' id='word_1_100' title='bbox 721 1665 834 1718; x_wconf 83' lang='lat' dir='ltr'>morael</span> <span class='ocrx_word' id='word_1_101' title='bbox 853 1665 952 1732; x_wconf 92' lang='lat' dir='ltr'>quibus</span> <span class='ocrx_word' id='word_1_102' title='bbox 972 1666 1078 1719; x_wconf 83' lang='lat' dir='ltr'>Hector</span> <span class='ocrx_word' id='word_1_103' title='bbox 1094 1665 1129 1719; x_wconf 92' lang='lat' dir='ltr'>ab</span> <span class='ocrx_word' id='word_1_104' title='bbox 1146 1668 1201 1720; x_wconf 90' lang='lat' dir='ltr'>oris</span> 
     </span>
    </p>

    <p class='ocr_par' dir='ltr' id='par_1_14' title="bbox 380 1740 1069 1808">
     <span class='ocr_line' id='line_1_17' title="bbox 380 1740 1069 1808; baseline 0 -15"><span class='ocrx_word' id='word_1_105' title='bbox 380 1740 551 1808; x_wconf 82' lang='lat' dir='ltr'>Exspectate</span> <span class='ocrx_word' id='word_1_106' title='bbox 568 1740 660 1794; x_wconf 85' lang='lat' dir='ltr'>vonisl</span> <span class='ocrx_word' id='word_1_107' title='bbox 678 1743 758 1794; x_wconf 87' lang='lat' dir='ltr'>utto</span> <span class='ocrx_word' id='word_1_108' title='bbox 775 1743 838 1808; x_wconf 89' lang='lat' dir='ltr'>post</span> <span class='ocrx_word' id='word_1_109' title='bbox 856 1741 942 1792; x_wconf 86' lang='lat' dir='ltr'>multa</span> <span class='ocrx_word' id='word_1_110' title='bbox 959 1743 1069 1793; x_wconf 90' lang='lat' dir='ltr'>tuorum</span> 
     </span>
    </p>

    <p class='ocr_par' dir='ltr' id='par_1_15' title="bbox 381 1815 1172 1884">
     <span class='ocr_line' id='line_1_18' title="bbox 381 1815 1172 1884; baseline 0.001 -15"><span class='ocrx_word' id='word_1_111' title='bbox 381 1816 501 1880; x_wconf 84' lang='lat' dir='ltr'>Funera,</span> <span class='ocrx_word' id='word_1_112' title='bbox 517 1818 580 1884; x_wconf 89' lang='lat' dir='ltr'>post</span> <span class='ocrx_word' id='word_1_113' title='bbox 598 1816 686 1869; x_wconf 88' lang='lat' dir='ltr'>varios</span> <span class='ocrx_word' id='word_1_114' title='bbox 703 1816 898 1882; x_wconf 89' lang='lat' dir='ltr'>hominumque</span> <span class='ocrx_word' id='word_1_115' title='bbox 915 1815 1047 1883; x_wconf 85' lang='lat' dir='ltr'>urbisque</span> <span class='ocrx_word' id='word_1_116' title='bbox 1064 1816 1172 1870; x_wconf 88' lang='lat' dir='ltr'>labores</span> 
     </span>
    </p>

    <p class='ocr_par' dir='ltr' id='par_1_16' title="bbox 379 1891 1237 1961">
     <span class='ocr_line' id='line_1_19' title="bbox 379 1891 1237 1961; baseline 0 -15"><span class='ocrx_word' id='word_1_117' title='bbox 379 1891 492 1946; x_wconf 84' lang='lat' dir='ltr'>Defessi</span> <span class='ocrx_word' id='word_1_118' title='bbox 509 1891 669 1961; x_wconf 78' lang='lat' dir='ltr'>aspicimus!</span> <span class='ocrx_word' id='word_1_119' title='bbox 688 1909 759 1960; x_wconf 90' lang='lat' dir='ltr'>quae</span> <span class='ocrx_word' id='word_1_120' title='bbox 777 1907 873 1944; x_wconf 86' lang='lat' dir='ltr'>caussa</span> <span class='ocrx_word' id='word_1_121' title='bbox 890 1891 1003 1959; x_wconf 85' lang='lat' dir='ltr'>indigna</span> <span class='ocrx_word' id='word_1_122' title='bbox 1021 1909 1130 1947; x_wconf 86' lang='lat' dir='ltr'>serenos</span> <span class='ocrx_word' id='word_1_123' title='bbox 1199 1908 1237 1946; x_wconf 78' lang='lat' dir='ltr'>aas</span> 
     </span>
    </p>

    <p class='ocr_par' dir='ltr' id='par_1_17' title="bbox 381 1966 1115 2024">
     <span class='ocr_line' id='line_1_20' title="bbox 381 1966 1115 2024; baseline 0 -1"><span class='ocrx_word' id='word_1_124' title='bbox 381 1967 519 2023; x_wconf 82' lang='lat' dir='ltr'>Feedarit</span> <span class='ocrx_word' id='word_1_125' title='bbox 536 1967 641 2022; x_wconf 83' lang='lat' dir='ltr'>voltusl</span> <span class='ocrx_word' id='word_1_126' title='bbox 659 1970 707 2021; x_wconf 89' lang='lat' dir='ltr'>aut</span> <span class='ocrx_word' id='word_1_127' title='bbox 726 1985 774 2020; x_wconf 92' lang='lat' dir='ltr'>cur</span> <span class='ocrx_word' id='word_1_128' title='bbox 790 1968 858 2021; x_wconf 91' lang='lat' dir='ltr'>hacc</span> <span class='ocrx_word' id='word_1_129' title='bbox 875 1966 986 2022; x_wconf 85' lang='lat' dir='ltr'>volnera</span> <span class='ocrx_word' id='word_1_130' title='bbox 1004 1970 1115 2024; x_wconf 85' lang='lat' dir='ltr'>cernel·</span> 
     </span>
    </p>

    <p class='ocr_par' dir='ltr' id='par_1_18' title="bbox 382 2043 1088 2114">
     <span class='ocr_line' id='line_1_21' title="bbox 382 2043 1088 2114; baseline 0.001 -16"><span class='ocrx_word' id='word_1_131' title='bbox 382 2044 437 2098; x_wconf 94' lang='lat' dir='ltr'>Ille</span> <span class='ocrx_word' id='word_1_132' title='bbox 454 2043 528 2112; x_wconf 76' lang='lat' dir='ltr'>nihil,</span> <span class='ocrx_word' id='word_1_133' title='bbox 546 2060 596 2098; x_wconf 87' lang='lat' dir='ltr'>nec</span> <span class='ocrx_word' id='word_1_134' title='bbox 613 2061 657 2097; x_wconf 92' lang='lat' dir='ltr'>me</span> <span class='ocrx_word' id='word_1_135' title='bbox 675 2046 853 2112; x_wconf 85' lang='lat' dir='ltr'>quaerentem</span> <span class='ocrx_word' id='word_1_136' title='bbox 872 2061 941 2097; x_wconf 86' lang='lat' dir='ltr'>vana</span> <span class='ocrx_word' id='word_1_137' title='bbox 958 2048 1088 2114; x_wconf 86' lang='lat' dir='ltr'>moratur,</span> 
     </span>
    </p>

    <p class='ocr_par' dir='ltr' id='par_1_19' title="bbox 381 2119 1098 2191">
     <span class='ocr_line' id='line_1_22' title="bbox 381 2119 1098 2191; baseline 0.001 -17"><span class='ocrx_word' id='word_1_138' title='bbox 381 2120 440 2174; x_wconf 85' lang='lat' dir='ltr'>Sed</span> <span class='ocrx_word' id='word_1_139' title='bbox 457 2120 579 2188; x_wconf 80' lang='lat' dir='ltr'>graviter</span> <span class='ocrx_word' id='word_1_140' title='bbox 595 2120 716 2188; x_wconf 86' lang='lat' dir='ltr'>gemitus</span> <span class='ocrx_word' id='word_1_141' title='bbox 734 2120 788 2173; x_wconf 90' lang='lat' dir='ltr'>imo</span> <span class='ocrx_word' id='word_1_142' title='bbox 806 2119 842 2173; x_wconf 93' lang='lat' dir='ltr'>do</span> <span class='ocrx_word' id='word_1_143' title='bbox 859 2124 972 2190; x_wconf 90' lang='lat' dir='ltr'>pectore</span> <span class='ocrx_word' id='word_1_144' title='bbox 989 2121 1098 2191; x_wconf 89' lang='lat' dir='ltr'>ducens,</span> 
     </span>
    </p>

    <p class='ocr_par' dir='ltr' id='par_1_20' title="bbox 382 2196 1164 2266">
     <span class='ocr_line' id='line_1_23' title="bbox 382 2196 1164 2266; baseline 0.004 -17"><span class='ocrx_word' id='word_1_145' title='bbox 382 2196 450 2249; x_wconf 82' lang='lat' dir='ltr'>lieu</span> <span class='ocrx_word' id='word_1_146' title='bbox 467 2196 538 2264; x_wconf 86' lang='lat' dir='ltr'>iuge,</span> <span class='ocrx_word' id='word_1_147' title='bbox 556 2200 622 2249; x_wconf 90' lang='lat' dir='ltr'>nate</span> <span class='ocrx_word' id='word_1_148' title='bbox 640 2197 699 2263; x_wconf 85' lang='lat' dir='ltr'>dea,</span> <span class='ocrx_word' id='word_1_149' title='bbox 717 2199 801 2264; x_wconf 90' lang='lat' dir='ltr'>teque</span> <span class='ocrx_word' id='word_1_150' title='bbox 819 2196 868 2264; x_wconf 83' lang='lat' dir='ltr'>hie,</span> <span class='ocrx_word' id='word_1_151' title='bbox 887 2196 932 2263; x_wconf 89' lang='lat' dir='ltr'>ait,</span> <span class='ocrx_word' id='word_1_152' title='bbox 951 2198 1026 2266; x_wconf 91' lang='lat' dir='ltr'>eripe</span> <span class='ocrx_word' id='word_1_153' title='bbox 1042 2198 1164 2253; x_wconf 82' lang='lat' dir='ltr'>llanrnris</span> 
     </span>
    </p>

    <p class='ocr_par' dir='ltr' id='par_1_21' title="bbox 381 2267 1237 2337">
     <span class='ocr_line' id='line_1_24' title="bbox 381 2267 1237 2337; baseline 0 -11"><span class='ocrx_word' id='word_1_154' title='bbox 381 2272 482 2326; x_wconf 87' lang='lat' dir='ltr'>Hostis</span> <span class='ocrx_word' id='word_1_155' title='bbox 499 2267 584 2326; x_wconf 85' lang='lat' dir='ltr'>habet</span> <span class='ocrx_word' id='word_1_156' title='bbox 601 2288 707 2337; x_wconf 80' lang='lat' dir='ltr'>muros3</span> <span class='ocrx_word' id='word_1_157' title='bbox 726 2272 782 2326; x_wconf 90' lang='lat' dir='ltr'>ruit</span> <span class='ocrx_word' id='word_1_158' title='bbox 800 2272 856 2325; x_wconf 88' lang='lat' dir='ltr'>alto</span> <span class='ocrx_word' id='word_1_159' title='bbox 874 2290 891 2325; x_wconf 89' lang='lat' dir='ltr'>a</span> <span class='ocrx_word' id='word_1_160' title='bbox 908 2272 1025 2326; x_wconf 90' lang='lat' dir='ltr'>culmine</span> <span class='ocrx_word' id='word_1_161' title='bbox 1043 2274 1129 2329; x_wconf 83' lang='lat' dir='ltr'>Troia.</span> <span class='ocrx_word' id='word_1_162' title='bbox 1200 2287 1237 2326; x_wconf 80' lang='lat' dir='ltr'>aso</span> 
     </span>
    </p>

    <p class='ocr_par' dir='ltr' id='par_1_22' title="bbox 382 2346 1178 2416">
     <span class='ocr_line' id='line_1_25' title="bbox 382 2346 1178 2416; baseline 0 -15"><span class='ocrx_word' id='word_1_163' title='bbox 382 2348 433 2402; x_wconf 78' lang='lat' dir='ltr'>Sat</span> <span class='ocrx_word' id='word_1_164' title='bbox 451 2348 556 2416; x_wconf 85' lang='lat' dir='ltr'>patriae</span> <span class='ocrx_word' id='word_1_165' title='bbox 575 2348 739 2416; x_wconf 87' lang='lat' dir='ltr'>Priamoque</span> <span class='ocrx_word' id='word_1_166' title='bbox 758 2346 867 2401; x_wconf 88' lang='lat' dir='ltr'>datum:</span> <span class='ocrx_word' id='word_1_167' title='bbox 886 2348 909 2399; x_wconf 89' lang='lat' dir='ltr'>si</span> <span class='ocrx_word' id='word_1_168' title='bbox 929 2347 1062 2413; x_wconf 79' lang='lat' dir='ltr'>Pergama</span> <span class='ocrx_word' id='word_1_169' title='bbox 1079 2348 1178 2401; x_wconf 85' lang='lat' dir='ltr'>dextra</span> 
     </span>
    </p>

    <p class='ocr_par' dir='ltr' id='par_1_23' title="bbox 382 2422 1086 2491">
     <span class='ocr_line' id='line_1_26' title="bbox 382 2422 1086 2491; baseline -0.004 -15"><span class='ocrx_word' id='word_1_170' title='bbox 382 2423 502 2477; x_wconf 87' lang='lat' dir='ltr'>Defendi</span> <span class='ocrx_word' id='word_1_171' title='bbox 519 2426 640 2491; x_wconf 87' lang='lat' dir='ltr'>possent,</span> <span class='ocrx_word' id='word_1_172' title='bbox 659 2423 742 2476; x_wconf 87' lang='lat' dir='ltr'>etiam</span> <span class='ocrx_word' id='word_1_173' title='bbox 760 2422 811 2475; x_wconf 87' lang='lat' dir='ltr'>hac</span> <span class='ocrx_word' id='word_1_174' title='bbox 829 2422 942 2475; x_wconf 86' lang='lat' dir='ltr'>defensa</span> <span class='ocrx_word' id='word_1_175' title='bbox 958 2423 1086 2476; x_wconf 85' lang='lat' dir='ltr'>fuissent:</span> 
     </span>
    </p>

    <p class='ocr_par' dir='ltr' id='par_1_24' title="bbox 382 2497 1102 2568">
     <span class='ocr_line' id='line_1_27' title="bbox 382 2497 1102 2568; baseline 0 -15"><span class='ocrx_word' id='word_1_176' title='bbox 382 2500 468 2553; x_wconf 84' lang='lat' dir='ltr'>Sacra</span> <span class='ocrx_word' id='word_1_177' title='bbox 485 2516 602 2568; x_wconf 89' lang='lat' dir='ltr'>suosque</span> <span class='ocrx_word' id='word_1_178' title='bbox 620 2500 672 2553; x_wconf 90' lang='lat' dir='ltr'>tibi</span> <span class='ocrx_word' id='word_1_179' title='bbox 690 2498 863 2552; x_wconf 87' lang='lat' dir='ltr'>commendat</span> <span class='ocrx_word' id='word_1_180' title='bbox 880 2497 960 2551; x_wconf 85' lang='lat' dir='ltr'>Troia</span> <span class='ocrx_word' id='word_1_181' title='bbox 978 2497 1102 2553; x_wconf 88' lang='lat' dir='ltr'>Penatis:</span> 
     </span>
    </p>

    <p class='ocr_par' dir='ltr' id='par_1_25' title="bbox 383 2574 1104 2644">
     <span class='ocr_line' id='line_1_28' title="bbox 383 2574 1104 2644; baseline 0.001 -16"><span class='ocrx_word' id='word_1_182' title='bbox 383 2576 445 2628; x_wconf 89' lang='lat' dir='ltr'>llos</span> <span class='ocrx_word' id='word_1_183' title='bbox 463 2577 664 2644; x_wconf 81' lang='lat' dir='ltr'>capulatorum</span> <span class='ocrx_word' id='word_1_184' title='bbox 682 2575 802 2641; x_wconf 91' lang='lat' dir='ltr'>comites,</span> <span class='ocrx_word' id='word_1_185' title='bbox 821 2574 863 2626; x_wconf 91' lang='lat' dir='ltr'>his</span> <span class='ocrx_word' id='word_1_186' title='bbox 880 2574 987 2628; x_wconf 87' lang='lat' dir='ltr'>moenia</span> <span class='ocrx_word' id='word_1_187' title='bbox 1004 2591 1104 2643; x_wconf 86' lang='lat' dir='ltr'>quaere</span> 
     </span>
    </p>

    <p class='ocr_par' dir='ltr' id='par_1_26' title="bbox 383 2650 1237 2720">
     <span class='ocr_line' id='line_1_29' title="bbox 383 2650 1237 2720; baseline 0.005 -17"><span class='ocrx_word' id='word_1_188' title='bbox 383 2650 493 2718; x_wconf 80' lang='lat' dir='ltr'>Magna,</span> <span class='ocrx_word' id='word_1_189' title='bbox 512 2654 653 2719; x_wconf 88' lang='lat' dir='ltr'>pererrato</span> <span class='ocrx_word' id='word_1_190' title='bbox 672 2654 777 2704; x_wconf 87' lang='lat' dir='ltr'>statues</span> <span class='ocrx_word' id='word_1_191' title='bbox 796 2667 867 2718; x_wconf 88' lang='lat' dir='ltr'>quae</span> <span class='ocrx_word' id='word_1_192' title='bbox 885 2650 1006 2719; x_wconf 89' lang='lat' dir='ltr'>denique</span> <span class='ocrx_word' id='word_1_193' title='bbox 1022 2655 1112 2720; x_wconf 90' lang='lat' dir='ltr'>ponto.</span> <span class='ocrx_word' id='word_1_194' title='bbox 1200 2668 1237 2707; x_wconf 78' lang='lat' dir='ltr'>aaa</span> 
     </span>
    </p>

    <p class='ocr_par' dir='ltr' id='par_1_27' title="bbox 382 2726 1132 2796">
     <span class='ocr_line' id='line_1_30' title="bbox 382 2726 1132 2796; baseline 0.001 -15"><span class='ocrx_word' id='word_1_195' title='bbox 382 2727 428 2781; x_wconf 79' lang='lat' dir='ltr'>Sic</span> <span class='ocrx_word' id='word_1_196' title='bbox 446 2726 493 2793; x_wconf 88' lang='lat' dir='ltr'>ait,</span> <span class='ocrx_word' id='word_1_197' title='bbox 512 2730 541 2779; x_wconf 92' lang='lat' dir='ltr'>et</span> <span class='ocrx_word' id='word_1_198' title='bbox 559 2726 683 2779; x_wconf 86' lang='lat' dir='ltr'>manibus</span> <span class='ocrx_word' id='word_1_199' title='bbox 701 2726 784 2780; x_wconf 80' lang='lat' dir='ltr'>vittas</span> <span class='ocrx_word' id='word_1_200' title='bbox 803 2726 974 2796; x_wconf 86' lang='lat' dir='ltr'>Vestamque</span> <span class='ocrx_word' id='word_1_201' title='bbox 991 2731 1132 2796; x_wconf 88' lang='lat' dir='ltr'>potentem</span> 
     </span>
    </p>

    <p class='ocr_par' dir='ltr' id='par_1_28' title="bbox 383 2802 1119 2948">
     <span class='ocr_line' id='line_1_31' title="bbox 383 2802 1119 2874; baseline 0.001 -16"><span class='ocrx_word' id='word_1_202' title='bbox 383 2804 595 2871; x_wconf 86' lang='lat' dir='ltr'>Aeternumque</span> <span class='ocrx_word' id='word_1_203' title='bbox 613 2802 702 2870; x_wconf 83' lang='lat' dir='ltr'>adytis</span> <span class='ocrx_word' id='word_1_204' title='bbox 720 2802 799 2856; x_wconf 84' lang='lat' dir='ltr'>effert</span> <span class='ocrx_word' id='word_1_205' title='bbox 817 2804 1004 2872; x_wconf 83' lang='lat' dir='ltr'>penetralibus</span> <span class='ocrx_word' id='word_1_206' title='bbox 1021 2805 1119 2874; x_wconf 75' lang='lat' dir='ltr'>ignaui.</span> 
     </span>
     <span class='ocr_line' id='line_1_32' title="bbox 418 2878 1051 2948; baseline 0.005 -17"><span class='ocrx_word' id='word_1_207' title='bbox 418 2878 535 2933; x_wconf 82' lang='lat' dir='ltr'>Diverso</span> <span class='ocrx_word' id='word_1_208' title='bbox 553 2879 659 2931; x_wconf 88' lang='lat' dir='ltr'>interea</span> <span class='ocrx_word' id='word_1_209' title='bbox 677 2878 826 2932; x_wconf 89' lang='lat' dir='ltr'>miscentur</span> <span class='ocrx_word' id='word_1_210' title='bbox 844 2881 952 2934; x_wconf 89' lang='lat' dir='ltr'>moenia</span> <span class='ocrx_word' id='word_1_211' title='bbox 969 2881 1051 2948; x_wconf 87' lang='lat' dir='ltr'>luctu,</span> 
     </span>
    </p>

    <p class='ocr_par' dir='ltr' id='par_1_29' title="bbox 382 2954 1184 3025">
     <span class='ocr_line' id='line_1_33' title="bbox 382 2954 1184 3025; baseline 0.002 -17"><span class='ocrx_word' id='word_1_212' title='bbox 382 2954 420 3009; x_wconf 85' lang='lat' dir='ltr'>Et</span> <span class='ocrx_word' id='word_1_213' title='bbox 438 2955 527 3022; x_wconf 79' lang='lat' dir='ltr'>magis</span> <span class='ocrx_word' id='word_1_214' title='bbox 543 2957 628 3021; x_wconf 87' lang='lat' dir='ltr'>atque</span> <span class='ocrx_word' id='word_1_215' title='bbox 645 2954 738 3021; x_wconf 83' lang='lat' dir='ltr'>magis,</span> <span class='ocrx_word' id='word_1_216' title='bbox 758 2972 923 3023; x_wconf 85' lang='lat' dir='ltr'>quamquam</span> <span class='ocrx_word' id='word_1_217' title='bbox 941 2960 1046 3010; x_wconf 85' lang='lat' dir='ltr'>secreta</span> <span class='ocrx_word' id='word_1_218' title='bbox 1063 2959 1184 3025; x_wconf 87' lang='lat' dir='ltr'>parentis</span> 
     </span>
    </p>

    <p class='ocr_par' dir='ltr' id='par_1_30' title="bbox 383 3029 1237 3098">
     <span class='ocr_line' id='line_1_34' title="bbox 383 3029 1237 3098; baseline 0.004 -14"><span class='ocrx_word' id='word_1_219' title='bbox 383 3031 521 3084; x_wconf 88' lang='lat' dir='ltr'>Anchisae</span> <span class='ocrx_word' id='word_1_220' title='bbox 539 3031 636 3083; x_wconf 88' lang='lat' dir='ltr'>domus</span> <span class='ocrx_word' id='word_1_221' title='bbox 653 3029 851 3098; x_wconf 80' lang='lat' dir='ltr'>arlmribusque</span> <span class='ocrx_word' id='word_1_222' title='bbox 870 3032 980 3086; x_wconf 89' lang='lat' dir='ltr'>obtecta</span> <span class='ocrx_word' id='word_1_223' title='bbox 997 3033 1115 3098; x_wconf 86' lang='lat' dir='ltr'>recessit,</span> <span class='ocrx_word' id='word_1_224' title='bbox 1200 3048 1237 3087; x_wconf 81' lang='lat' dir='ltr'>soe</span> 
     </span>
    </p>

    <p class='ocr_par' dir='ltr' id='par_1_31' title="bbox 382 3106 1128 3176">
     <span class='ocr_line' id='line_1_35' title="bbox 382 3106 1128 3176; baseline 0.001 -16"><span class='ocrx_word' id='word_1_225' title='bbox 382 3107 547 3160; x_wconf 84' lang='lat' dir='ltr'>Clarcscunt</span> <span class='ocrx_word' id='word_1_226' title='bbox 565 3106 677 3172; x_wconf 89' lang='lat' dir='ltr'>sonitus,</span> <span class='ocrx_word' id='word_1_227' title='bbox 696 3123 889 3175; x_wconf 86' lang='lat' dir='ltr'>armorumque</span> <span class='ocrx_word' id='word_1_228' title='bbox 906 3108 1010 3176; x_wconf 77' lang='lat' dir='ltr'>ingruit</span> <span class='ocrx_word' id='word_1_229' title='bbox 1026 3108 1128 3161; x_wconf 89' lang='lat' dir='ltr'>horror.</span> 
     </span>
    </p>

    <p class='ocr_par' dir='ltr' id='par_1_32' title="bbox 383 3182 1008 3251">
     <span class='ocr_line' id='line_1_36' title="bbox 383 3182 1008 3251; baseline 0.002 -17"><span class='ocrx_word' id='word_1_230' title='bbox 383 3182 517 3235; x_wconf 79' lang='lat' dir='ltr'>Excutior</span> <span class='ocrx_word' id='word_1_231' title='bbox 534 3199 632 3248; x_wconf 89' lang='lat' dir='ltr'>somno,</span> <span class='ocrx_word' id='word_1_232' title='bbox 651 3185 680 3235; x_wconf 89' lang='lat' dir='ltr'>et</span> <span class='ocrx_word' id='word_1_233' title='bbox 699 3182 797 3235; x_wconf 88' lang='lat' dir='ltr'>summi</span> <span class='ocrx_word' id='word_1_234' title='bbox 813 3183 923 3251; x_wconf 80' lang='lat' dir='ltr'>fastigia</span> <span class='ocrx_word' id='word_1_235' title='bbox 940 3183 1008 3237; x_wconf 88' lang='lat' dir='ltr'>tecti</span> 
     </span>
    </p>

    <p class='ocr_par' dir='ltr' id='par_1_33' title="bbox 384 3258 1106 3326">
     <span class='ocr_line' id='line_1_37' title="bbox 384 3258 1106 3326; baseline 0.001 -15"><span class='ocrx_word' id='word_1_236' title='bbox 384 3258 510 3311; x_wconf 88' lang='lat' dir='ltr'>Ascensu</span> <span class='ocrx_word' id='word_1_237' title='bbox 528 3274 634 3326; x_wconf 88' lang='lat' dir='ltr'>supero,</span> <span class='ocrx_word' id='word_1_238' title='bbox 652 3262 735 3326; x_wconf 86' lang='lat' dir='ltr'>atque</span> <span class='ocrx_word' id='word_1_239' title='bbox 754 3258 869 3311; x_wconf 86' lang='lat' dir='ltr'>arrectis</span> <span class='ocrx_word' id='word_1_240' title='bbox 886 3259 996 3311; x_wconf 89' lang='lat' dir='ltr'>auribus</span> <span class='ocrx_word' id='word_1_241' title='bbox 1013 3261 1106 3313; x_wconf 88' lang='lat' dir='ltr'>adsto:</span> 
     </span>
    </p>

    <p class='ocr_par' dir='ltr' id='par_1_34' title="bbox 383 3333 1157 3400">
     <span class='ocr_line' id='line_1_38' title="bbox 383 3333 1157 3400; baseline -0.001 -13"><span class='ocrx_word' id='word_1_242' title='bbox 383 3333 419 3387; x_wconf 90' lang='lat' dir='ltr'>In</span> <span class='ocrx_word' id='word_1_243' title='bbox 439 3336 561 3400; x_wconf 83' lang='lat' dir='ltr'>segetem</span> <span class='ocrx_word' id='word_1_244' title='bbox 579 3333 664 3387; x_wconf 86' lang='lat' dir='ltr'>veluti</span> <span class='ocrx_word' id='word_1_245' title='bbox 681 3350 743 3387; x_wconf 85' lang='lat' dir='ltr'>cunr</span> <span class='ocrx_word' id='word_1_246' title='bbox 761 3334 870 3387; x_wconf 76' lang='lat' dir='ltr'>flamina</span> <span class='ocrx_word' id='word_1_247' title='bbox 886 3334 1040 3387; x_wconf 85' lang='lat' dir='ltr'>furentibus</span> <span class='ocrx_word' id='word_1_248' title='bbox 1057 3336 1157 3387; x_wconf 83' lang='lat' dir='ltr'>austris</span> 
     </span>
    </p>

    <p class='ocr_par' dir='ltr' id='par_1_35' title="bbox 382 3408 1256 3477">
     <span class='ocr_line' id='line_1_39' title="bbox 382 3408 1256 3477; baseline 0.002 -15"><span class='ocrx_word' id='word_1_249' title='bbox 382 3408 494 3473; x_wconf 83' lang='lat' dir='ltr'>Incidit,</span> <span class='ocrx_word' id='word_1_250' title='bbox 512 3412 561 3462; x_wconf 87' lang='lat' dir='ltr'>aut</span> <span class='ocrx_word' id='word_1_251' title='bbox 577 3408 691 3477; x_wconf 87' lang='lat' dir='ltr'>rapidus</span> <span class='ocrx_word' id='word_1_252' title='bbox 709 3413 842 3465; x_wconf 88' lang='lat' dir='ltr'>montano</span> <span class='ocrx_word' id='word_1_253' title='bbox 859 3409 975 3466; x_wconf 77' lang='lat' dir='ltr'>llunrine</span> <span class='ocrx_word' id='word_1_254' title='bbox 989 3413 1106 3465; x_wconf 82' lang='lat' dir='ltr'>terrens</span> <span class='ocrx_word' id='word_1_255' title='bbox 1211 3421 1256 3458; x_wconf 60' lang='lat' dir='ltr'>aas</span> 
     </span>
    </p>

    <p class='ocr_par' dir='ltr' id='par_1_36' title="bbox 369 3481 1210 3560">
     <span class='ocr_line' id='line_1_40' title="bbox 369 3481 1210 3560; baseline 0.019 -29"><span class='ocrx_word' id='word_1_256' title='bbox 369 3481 479 3533; x_wconf 77' lang='lat' dir='ltr'>Sternit</span> <span class='ocrx_word' id='word_1_257' title='bbox 495 3498 586 3553; x_wconf 81' lang='lat' dir='ltr'>agros,</span> <span class='ocrx_word' id='word_1_258' title='bbox 605 3487 710 3543; x_wconf 88' lang='lat' dir='ltr'>sternit</span> <span class='ocrx_word' id='word_1_259' title='bbox 729 3493 794 3546; x_wconf 88' lang='lat' dir='ltr'>sata</span> <span class='ocrx_word' id='word_1_260' title='bbox 811 3489 895 3548; x_wconf 76' lang='lat' dir='ltr'>laeta</span> <span class='ocrx_word' id='word_1_261' title='bbox 909 3489 1063 3560; x_wconf 81' lang='lat' dir='ltr'>boumque</span> <span class='ocrx_word' id='word_1_262' title='bbox 1073 3485 1210 3546; x_wconf 57' lang='lat' dir='ltr'>labores,</span> 
     </span>
    </p>
   </div>
   <div class='ocr_carea' id='block_1_3' title="bbox 357 3551 1168 3644">
    <p class='ocr_par' dir='ltr' id='par_1_37' title="bbox 357 3551 1168 3644">
     <span class='ocr_line' id='line_1_41' title="bbox 357 3551 1168 3644; baseline -0.001 -22"><span class='ocrx_word' id='word_1_263' title='bbox 357 3551 589 3628; x_wconf 62' lang='lat' dir='ltr'>Pmfflffillssoue</span> <span class='ocrx_word' id='word_1_264' title='bbox 607 3564 701 3623; x_wconf 86' lang='lat' dir='ltr'>trahit</span> <span class='ocrx_word' id='word_1_265' title='bbox 721 3569 824 3642; x_wconf 87' lang='lat' dir='ltr'>silvas,</span> <span class='ocrx_word' id='word_1_266' title='bbox 844 3572 951 3644; x_wconf 86' lang='lat' dir='ltr'>stupet</span> <span class='ocrx_word' id='word_1_267' title='bbox 967 3566 1087 3625; x_wconf 72' lang='lat' dir='ltr'>medus</span> <span class='ocrx_word' id='word_1_268' title='bbox 1100 3562 1168 3618; x_wconf 68' lang='lat' dir='ltr'>mm</span> 
     </span>
    </p>
   </div>
   <div class='ocr_carea' id='block_1_4' title="bbox 0 0 1631 4159">
    <p class='ocr_par' dir='ltr' id='par_1_38' title="bbox 0 0 1631 4159">
     <span class='ocr_line' id='line_1_42' title="bbox 0 0 1631 4159; baseline 0 0"><span class='ocrx_word' id='word_1_269' title='bbox 0 0 1631 4159; x_wconf 95' lang='lat' dir='ltr'> </span> 
     </span>
    </p>
   </div>
  </div>
 </body>
</html>
