3242 4159
623 517 811 573 BUOOLIOA.
842 518 918 569 EOL.
943 518 993 570 IV.

389 600 497 665 Ubera,
514 614 567 653 neo
582 612 696 665 magnos
714 601 840 653 metuent
858 600 983 652 armenta
1000 598 1098 652 leones

390 677 460 745 Ipsa
477 674 529 729 tibi
547 673 662 727 blandos
680 673 795 729 fundent
814 674 948 729 cimabula
965 674 1051 727 flores.

390 751 509 805 Occidet
527 753 556 805 et
574 766 693 818 serpens,
712 753 742 804 et
758 751 842 805 fallax
859 750 944 805 herba
963 750 1060 804 veneni

390 827 524 893 Oecidet;
549 826 692 894 Assyrium
709 827 788 895 volgo
806 830 933 890 nascetur
952 844 1095 882 amomum.
1165 831 1169 838 '
1224 843 1249 881 25

390 907 435 959 At
454 905 534 958 simul
552 902 665 957 heroum
683 903 779 958 laudes
797 907 827 959 et
843 905 916 958 iacta
933 904 1055 973 parentis

392 981 456 1034 Iam
473 980 565 1047 legere
583 981 612 1032 et
632 979 755 1047 quaesit
772 980 877 1048 poteris
896 996 1057 1053 cognoscere
1074 980 1169 1047 virtus,

390 1057 472 1111 Molli
488 1056 621 1125 paulatim
639 1056 767 1109 flavescet
786 1074 897 1125 campus
917 1056 1009 1122 arista,

391 1132 566 1201 Incultisque
577 1127 684 1185 ‘rubens
700 1132 833 1201 pendebit
852 1132 974 1186 sentibus
991 1148 1051 1199 uva,

389 1209 430 1262 Et
449 1208 534 1263 durae
552 1226 668 1278 quercus
687 1208 826 1262 sudabunt
843 1208 950 1262 roscida
967 1208 1054 1262 mella
1222 1224 1247 1261 ao

391 1285 486 1339 Pauca
502 1289 596 1339 tamen
614 1285 747 1339 suberunt
764 1286 870 1353 priscae
888 1284 1003 1351 vestigia
1019 1284 1132 1352 fraudisy

390 1361 471 1425 Quae
488 1364 627 1431 temptare
645 1361 752 1415 Thetim
771 1361 885 1429 ratibus,
905 1377 975 1429 quae
993 1359 1102 1426 cingere
1120 1361 1205 1412 muris

389 1437 510 1506 Oppida,
529 1454 600 1507 qnae
617 1437 729 1491 iubeant
748 1437 840 1490 telluri
857 1437 991 1490 infindere
1009 1436 1103 1489 sulcos.

389 1514 476 1567 Alter
494 1513 547 1567 erit
564 1517 624 1567 tum
643 1513 750 1582 Tiphys,
769 1515 798 1566 et
817 1513 904 1566 altera
922 1529 993 1580 quae
1010 1512 1092 1566 vehat
1111 1514 1188 1579 Argo

389 1589 522 1644 Delector
538 1590 651 1657 heroas;
669 1593 751 1643 erunt
769 1590 852 1644 etiam
871 1590 959 1644 altera
975 1589 1055 1657 bella,
1221 1605 1246 1641 35

390 1667 490 1733 Atque
507 1666 609 1721 iterum
627 1666 664 1720 ad
682 1666 790 1725 Troiam
808 1682 923 1734 magnus
941 1665 1069 1719 mittetur
1087 1663 1216 1718 Achilles.

390 1740 474 1809 Hinc,
491 1741 540 1794 ubi
556 1742 611 1795 iam
629 1742 738 1795 firmata
754 1742 843 1794 virum
860 1745 890 1795 te
908 1742 1005 1794 feeerit
1023 1743 1106 1807 aetas,

390 1816 481 1871 Cedet
499 1818 606 1887 etipse
623 1817 692 1871 mari
710 1820 811 1885 vector,
829 1834 879 1871 nec
897 1818 1006 1870 nautica
1023 1815 1102 1883 pinus

388 1891 515 1947 Mutabit
532 1899 649 1949 merces:
668 1894 756 1947 omnis
774 1894 846 1947 feret
863 1892 953 1946 omnia
969 1891 1058 1945 tellus.

388 1970 456 2025 Non
473 1971 576 2023 rastros
593 1970 716 2039 patietur
732 1968 838 2037 humus,
856 1985 910 2023 non
928 1967 1007 2022 vinea
1024 1968 1135 2034 saloem3
1226 1983 1248 2019 -.o

388 2045 532 2099 Robustus
550 2062 659 2114 quoque
676 2044 731 2098 iam
749 2045 836 2099 tauris
853 2045 918 2112 iuga
935 2045 1022 2098 solvet
1039 2047 1145 2108 arator,

387 2121 416 2176 N
417 2137 450 2175 ee
468 2121 557 2175 varios
575 2121 664 2175 discet
681 2121 793 2175 mentiri
811 2121 874 2175 lana
891 2121 1003 2188 colores,

388 2198 456 2267 Ipse
475 2197 525 2252 sed
541 2198 572 2251 in
588 2197 676 2266 pratis
693 2198 765 2251 aries
782 2198 837 2251 iam
856 2214 938 2251 suave
956 2196 1065 2252 rubenti

387 2274 506 2342 Murice,
522 2274 578 2328 iam
595 2290 690 2327 croceo
708 2274 828 2328 mutabit
845 2274 947 2327 vellera
964 2272 1037 2338 luto;

387 2349 495 2419 Sponte
512 2366 563 2403 sua
580 2349 684 2417 sandyx
702 2349 839 2418 pascentis
857 2349 957 2403 vestiet
974 2366 1064 2417 agnos.
1219 2360 1243 2399 rs

386 2424 466 2479 Talia
484 2426 584 2498 saecla,¹
600 2425 656 2479 suis
674 2425 813 2495 dixerunt,
831 2424 941 2490 currite,
959 2424 1026 2477 fusis

385 2501 547 2555 Concordes
565 2501 657 2555 stabili
674 2502 793 2555 fatorum
811 2501 922 2554 numine
942 2500 1050 2571 Parcae.

387 2576 556 2645 Adgredere
573 2593 591 2631 o
607 2577 847 2645 magnos-aderit
865 2576 919 2629 iam
937 2573 1202 2643 tempus-honores,

386 2654 462 2709 Cara
480 2652 563 2716 deum
581 2653 696 2720 suboles,
714 2669 843 2721 magnum
862 2652 936 2705 Iovis
953 2651 1165 2707 incrementum!

386 2729 493 2798 Aspice
511 2745 631 2783 convexo
648 2732 792 2783 nutantem
810 2728 933 2797 pondere
950 2727 1090 2795 mundum,
1218 2742 1242 2780 so

385 2807 546 2875 Terraeque
563 2810 725 2873 tractusque
743 2804 828 2858 maris
845 2803 1005 2873 caelumque
1022 2803 1194 2872 profundum,

386 2883 499 2952 Aspice,
517 2886 633 2937 venturo
650 2882 789 2936 laetantur
805 2883 838 2934 ut
856 2880 946 2933 omnia
963 2881 1068 2935 saeclo!

387 2960 413 3012 Ο
433 2959 502 3012 mihi
520 2961 578 3013 tam
595 2958 692 3027 longae
709 2960 821 3011 mancat
837 2974 901 3025 pars
919 2957 1016 3011 ultima
1034 2956 1115 3024 vitae,

386 3036 508 3104 Spiritus
525 3037 562 3102 ct,
581 3037 715 3103 quantum
733 3037 777 3088 sat
795 3035 850 3087 erit
867 3036 916 3085 tua
934 3034 1025 3087 dicere
1043 3033 1126 3085 faeta:

386 3112 452 3165 Non
471 3128 516 3165 me
532 3111 697 3165 carminibus
715 3110 806 3164 vincet
823 3125 873 3163 nec
892 3109 1022 3163 Thracius
1040 3105 1171 3173 Orpheus,
1217 3121 1242 3157 55

386 3187 415 3242 N
416 3204 448 3242 ec
460 3187 553 3255 Linus,
564 3186 628 3240 huie
639 3190 729 3241 mater
741 3185 865 3255 quemvis
877 3188 962 3254 atque
973 3183 1036 3237 huic
1050 3184 1130 3249 pater
1147 3180 1227 3245 adsit,

388 3262 493 3332 Orphei
513 3262 658 3332 Calliopea,
676 3263 745 3316 Lino
763 3263 898 3316 formosus
917 3259 1021 3329 Apollo.

385 3339 445 3393 Pan
463 3339 552 3405 ctiam,
571 3338 696 3395 Arcadia
712 3356 823 3397 mecum
842 3338 866 3396 si
882 3337 977 3395 iudice
995 3336 1096 3403 certet,

375 3412 433 3463 Pan
451 3413 536 3466 otiam
556 3415 686 3474 Arcadia
704 3418 783 3477 dicat
802 3438 836 3477 se
854 3418 952 3474 iudice
970 3415 1092 3471 vietum-

360 3482 465 3570 1⁰0¹&
483 3502 576 3555 [We
592 3510 678 3568 puer,
697 3496 764 3558 risu
781 3515 969 3572 cognoscere
987 3496 1139 3550 matrem:
1269 3495 1276 3524 ⁸

348 3551 439 3610 ΜΠ
455 3559 545 3631 10083
563 3567 673 3631 decem
692 3579 841 3638 tuiemnt
857 3576 995 3637 fastidia
1013 3585 1163 3632 menaeet
