3242 4159
695 809 932 886 LECTORI.

765 1043 868 1069 —e-

445 1237 491 1292 Dr
506 1238 558 1292 hac
574 1253 636 1293 mea
652 1239 742 1308 opella
757 1256 812 1293 non
830 1242 874 1293 est
891 1256 940 1293 cur
956 1239 1044 1294 multa
1059 1240 1155 1295 dicam.
1185 1243 1241 1297 Vo-

389 1330 498 1385 lueram
518 1335 594 1386 certe
613 1335 707 1388 textus
726 1334 878 1403 Vergiliani
897 1334 1083 1389 recensionem
1104 1351 1158 1388 non
1176 1339 1241 1389 anto
1261 1393 1270 1400 ,

390 1424 523 1477 emittere
540 1440 623 1494 quam
634 1428 697 1493 post
708 1425 862 1480 absolutum
879 1426 956 1479 ilium
968 1425 1045 1479 cuius
1056 1426 1167 1479 tertiam
1178 1443 1241 1495 par-

389 1518 449 1570 tem
467 1518 534 1570 ante
553 1516 661 1585 aliquot
680 1532 792 1570 menses
813 1515 889 1571 edidi
913 1516 1154 1571 commentarium:
1178 1533 1241 1570 cum

391 1612 486 1663 autem
509 1608 627 1663 instaret
643 1607 809 1677 redemptor,
827 1608 977 1662 consultius
993 1608 1106 1661 tandem
1124 1608 1190 1661 duxi
1208 1610 1241 1661 ut

391 1702 460 1773 quid
487 1718 596 1771 possem
616 1691 676 1769 ips'e
698 1701 839 1770 experirer
862 1717 944 1769 quam
962 1702 993 1753 ut
1011 1700 1081 1754 alius
1107 1701 1241 1755 minorem

391 1793 460 1847 alius
476 1793 608 1846 maiorem
624 1792 775 1847 editionem
792 1791 891 1846 iisdem
909 1792 1012 1847 scilicet
1024 1793 1151 1863 auspiciis
1163 1810 1240 1847 cura-

390 1890 441 1943 ret
477 1886 560 1942 Unde
570 1887 672 1941 iactum
684 1888 770 1940 estut
781 1885 923 1939 nonnullas
940 1885 1070 1940 lectiones
1082 1885 1240 1940 admiserim

391 1996 506 2049 quarum
523 1959 575 2034 aut·
588 1995 659 2033 nunc
676 1978 801 2047 poenitet
818 1982 868 2033 aut
884 1978 997 2047 posthac
1013 1979 1130 2034 fortasse
1147 1979 1241 2048 poeni-

391 2073 469 2128 tebit
504 2070 593 2127 Verbi
618 2088 707 2140 causa,
733 2088 764 2126 re
790 2071 924 2126 maturius
947 2088 1090 2142 perpensa,
1115 2073 1145 2125 in
1165 2073 1241 2125 Aca.

391 2163 436 2220 lib.
448 2181 491 2222 111.
504 2169 563 2232 614,
582 2164 708 2232 nominc,
729 2164 758 2217 in
769 2164 841 2218 Aera.
859 2164 907 2218 lib.
920 2180 958 2220 vr.
972 2170 1024 2219 332
1046 2164 1143 2218 animi
1161 2177 1241 2232 prae

392 2258 533 2314 ferendum
544 2274 650 2326 censeo,
661 2258 718 2312 illic
729 2258 848 2313 Medieei
861 2258 1030 2328 aliorumque
1042 2257 1165 2312 codicum
1177 2271 1240 2310 auc-

392 2352 511 2421 toritate,
519 2351 564 2405 hic
576 2351 678 2421 partim
691 2351 816 2406 eiusdem
830 2350 950 2405 Medicci
962 2352 1126 2405 auctoritate
1137 2350 1239 2419 partim

343 2445 345 2496 ἑ
393 2441 441 2500 loci
457 2444 580 2513 germani
599 2444 671 2499 Aeo.
684 2444 730 2498 lib.
743 2462 769 2498 x.
783 2450 841 2513 686,
859 2443 907 2497 ubi
925 2445 1032 2498 codices
1050 2443 1170 2513 potiores
1188 2460 1239 2511 pro

395 2540 485 2595 animi
501 2543 633 2609 pugnant,
645 2539 802 2594 testimonio
816 2541 965 2609 pcrmotus.
1001 2538 1157 2592 Dolendum
1174 2552 1239 2590 sanc

396 2634 448 2705 hoc,
462 2654 552 2706 neque
566 2640 660 2691 tamen
675 2636 761 2705 pluris
777 2652 866 2706 aequo
879 2637 1043 2692 faciendum.
1080 2636 1187 2703 Quippe
1205 2649 1239 2686 ca

398 2731 436 2783 cst
452 2730 535 2785 hodie
550 2732 644 2785 textus
656 2728 808 2797 Vergiliani
824 2729 944 2783 conditio
962 2733 994 2783 ut
1012 2728 1059 2798 qui
1076 2728 1181 2781 modica
1198 2724 1238 2777 rei

400 2821 499 2878 criticae
518 2824 633 2878 scientia
651 2823 801 2877 instructus
820 2839 917 2875 novam
936 2825 1035 2889 poetae
1053 2820 1239 2874 recensionem

401 2912 533 3016 instijuere
548 2918 616 2972 velit
627 2917 674 2971 vix
693 2917 864 2971 committere
882 2916 970 2984 possit
987 2919 1022 2969 ut‘
1038 2931 1096 2968 rem
1112 2930 1166 2967 non
1180 2910 1240 2966 scli-

404 3005 462 3063 titer
482 3014 569 3081 gerat,
587 3010 670 3065 modo
690 3027 734 3079 ne,
751 3013 784 3064 ut
800 3026 889 3078 nuper
905 3027 922 3063 a
939 3025 994 3062 non
1011 3007 1118 3060 nemine
1135 3007 1240 3060 sactum

405 3103 446 3168 co,
462 3103 489 3158 in
506 3107 586 3159 tanta
604 3103 737 3158 librorum
757 3103 1003 3170 manuscriptorum
1022 3098 1100 3167 copia
1118 3102 1167 3153 aut
1184 3095 1241 3151 suis

406 3195 548 3252 cursionis
566 3195 729 3251 coniecturis
746 3195 886 3250 abutatur.
922 3191 996 3245 illud
1008 3207 1073 3244 vero
1088 3191 1240 3260 optandum
1265 3186 1266 3189 ’

406 3284 485 3353 utipsi
492 3290 605 3356 codices
621 3289 791 3357 praesertim
805 3290 951 3344 Romanus
961 3285 1179 3358 Paiatinusouc,
1193 3279 1255 3337 dxix·

377 3374 480 3461 W'ffl
494 3380 693 3439 θῑθῑῑῧῑᾶῡῒῦΐῑ
721 3384 753 3439 id
773 3386 857 3457 quod
876 3406 893 3445 a
911 3382 1088 3443 doctissimo
1106 3370 1271 3439 rumpatis

368 3459 519 3526 mudum
533 3479 759 3544 maceramus„
