3242 4159
397 528 447 578 284
631 524 663 573 P.
680 524 834 573 VERGILI
851 523 1017 572 MARONIS

399 604 518 673 Duxisti,
537 608 567 660 et
583 604 647 659 talis
665 604 776 658 voluisti
794 605 952 674 expendere
969 605 1090 673 poenas?

398 684 458 747 Quo
475 683 566 736 ferorl
584 681 659 735 unde
670 681 743 735 abiil
761 698 833 750 quae
852 698 896 735 me
913 681 985 748 fuga,
998 698 1118 748 quemve
1129 682 1253 739 reducitl

398 757 582 811 Laurentisne
600 758 701 811 iterum
720 774 813 810 muros
831 761 881 811 aut
898 760 989 811 castra
1006 756 1124 813 videbol

398 833 471 899 Quid
489 850 585 887 manus
602 833 649 887 illa
667 834 762 900 virum,
782 835 830 901 qui
848 850 893 887 me
911 849 1027 901 meaque
1044 849 1123 887 arma
1140 835 1244 890 secutil

398 909 741 973 Quosne—nefas—omnis
759 909 872 963 infanda
889 910 917 963 in
935 913 1025 962 morte
1042 909 1151 978 reliqui,

396 985 434 1039 m
452 1002 523 1039 nunc
540 987 658 1055 palantis
676 985 763 1054 video,
781 986 971 1053 gemitumque
989 984 1138 1038 cadentum

397 1062 528 1130 Accipio?
548 1062 620 1126 Quid
632 1062 700 1129 agol
718 1065 766 1114 aut
779 1078 850 1129 quae
862 1061 917 1113 iam
929 1060 997 1113 satis
1007 1060 1064 1113 ima
1076 1061 1202 1115 dehiscat
1219 1076 1252 1117 ess

396 1138 480 1189 Terra
497 1137 582 1191 mihil
608 1136 666 1190 Vos
683 1155 700 1191 o
717 1139 809 1206 petius
827 1136 1003 1204 miserescite,
1021 1137 1114 1203 venti;

397 1212 430 1265 ln
448 1230 538 1281 rupes,
556 1214 585 1266 in
604 1213 795 1267 saxa-voleus
813 1230 861 1266 vos
880 1213 986 1266 Turnus
1004 1212 1123 1266 adoro-

397 1288 480 1342 Fertc
499 1293 601 1358 ratem,
614 1290 756 1357 saevisque
774 1289 852 1343 vadis
870 1289 1005 1342 inmittite
1022 1289 1119 1357 Syrtis,

397 1364 456 1429 Quo
473 1382 564 1434 neque
582 1382 627 1420 me
646 1366 750 1434 Rutuli,
766 1381 820 1419 nec
837 1365 944 1419 conscia
960 1365 1034 1419 fama
1052 1369 1193 1433 sequatur.

397 1441 474 1495 Haec
486 1458 639 1496 memorans
652 1442 741 1494 animo
753 1458 825 1495 nune
837 1441 897 1507 huc,
909 1458 981 1494 nuuc
993 1441 1109 1495 fluctuat
1121 1442 1187 1497 illuc
1194 1463 1202 1509 3
1215 1457 1250 1496 oso

396 1519 441 1569 An
461 1533 521 1570 sese
538 1534 666 1571 mucrone
685 1516 847 1570 obtentum
866 1516 988 1570 dedecus
1004 1532 1100 1570 amens

396 1591 506 1660 Induat,
525 1597 554 1646 et
572 1594 687 1646 crudum
704 1610 756 1661 per
773 1596 863 1645 costas
881 1592 974 1659 exigat
992 1608 1104 1659 ensem3

395 1668 538 1723 Fluctibus
556 1686 590 1722 an
608 1669 690 1723 iaciat
708 1669 814 1736 mediis,
833 1673 862 1722 et
880 1669 962 1721 litora
979 1668 1069 1721 nando

395 1744 484 1798 Curva
502 1750 587 1815 petat,
608 1747 798 1814 Teucrumque
816 1745 917 1799 iterum
935 1760 965 1797 se
983 1743 1084 1798 reddat
1101 1748 1130 1797 in
1148 1761 1232 1799 arma

393 1820 448 1874 Ter
466 1825 578 1877 conatus
596 1826 743 1890 utramque
760 1822 851 1887 riam3
868 1827 913 1874 ter
930 1837 1059 1873 maxuma
1078 1819 1149 1874 Iuno
1213 1836 1249 1875 ose

394 1897 543 1965 Continuit,
562 1901 751 1968 iuvenemque
761 1898 844 1952 animi
863 1899 993 1951 miserata
1009 1895 1150 1965 repressit

394 1973 509 2027 Labitur
527 1976 583 2027 alta
602 1992 696 2028 secans
715 1976 856 2043 fluctuque
873 1977 1007 2043 aestuque
1025 1972 1152 2042 secundo,

394 2048 431 2101 Et
448 2050 536 2117 patris
554 2052 695 2117 antiquam
713 2050 804 2102 Dauni
824 2049 948 2103 defertur
966 2049 1002 2102 ad
1019 2047 1124 2102 urbem.

428 2125 468 2178 At
489 2126 561 2177 lovis
580 2126 685 2178 interea
703 2126 815 2178 monitis
834 2126 990 2179 Mezentius
1007 2124 1109 2178 ardens

393 2200 522 2253 Succedit
539 2218 655 2268 pugnae,
675 2201 850 2270 Teucrosque
867 2201 973 2254 invadit
990 2200 1105 2253 orantis
1210 2214 1247 2255 oeo

360 2274 362 2278 ’
393 2276 563 2330 Concurrunt
582 2277 736 2346 Tyrrhenae
754 2278 833 2344 acies,
853 2282 938 2347 atque
955 2275 1080 2331 omnibus
1098 2275 1154 2344 uni,

393 2352 447 2406 Uni
466 2353 590 2423 odiisque
608 2354 666 2408 viro
685 2355 803 2424 telisque
820 2353 1011 2421 frequentibus
1028 2353 1141 2405 instant.

393 2428 451 2497 Ille,
470 2431 545 2483 velut
563 2447 652 2498 rupes,
671 2435 778 2484 vastum
798 2447 868 2498 quac
885 2430 979 2497 prodit
995 2429 1024 2482 in
1041 2443 1152 2496 aequor,

392 2504 480 2558 Obvia
499 2511 642 2560 ventorum
660 2507 739 2559 furiis
758 2510 927 2574 expostaque
944 2509 1055 2576 ponto„

392 2580 456 2633 Vim
475 2586 601 2635 cunctam
620 2586 704 2651 atque
722 2583 809 2635 minas
828 2581 932 2649 perfert
950 2581 1073 2649 caelique
1090 2579 1239 2650 marisque,

393 2655 456 2721 lpsa
474 2646 578 2710 ihmota
595 2673 725 2722 manens3
743 2659 848 2727 prolem
867 2656 1040 2710 Dolichaonis
1059 2655 1188 2711 Hebrum

392 2732 495 2785 Sternit
508 2733 590 2800 humi,
604 2750 665 2785 cum
679 2752 732 2800 quo
745 2734 881 2802 Latagum
894 2734 1074 2816 Palmumque
1085 2732 1222 2801 fugacem,

391 2806 445 2859 Sed
464 2807 599 2874 Latagum
618 2825 683 2860 saxo
701 2813 785 2875 atque
803 2809 909 2877 ingenti
927 2808 1061 2876 fragmine
1079 2808 1183 2861 montis

391 2881 511 2952 Occupat
531 2900 560 2937 os
579 2883 730 2952 faciemque
749 2885 899 2953 adversam,
918 2882 1023 2954 poplite
1042 2883 1169 2936 Palmum

390 2957 498 3013 Succiso
517 2960 587 3013 volvi
607 2977 717 3028 segnem
736 2961 820 3027 sinit3
839 2978 968 3030 armaque
987 2960 1076 3013 Lauso
1209 2972 1248 3014 ⁷0⁰

390 3033 481 3088 Donat
499 3036 602 3091 habere
620 3036 740 3090 humeris
759 3037 788 3089 et
805 3039 909 3090 vertice
928 3038 1011 3105 figere
1029 3035 1135 3089 cristas.

389 3110 519 3165 Necnon
539 3113 684 3166 Euanthen
704 3114 858 3181 Phrygium,
880 3114 1042 3181 Paridisque
1060 3111 1200 3165 Mimanta

390 3187 542 3255 Aequalem
561 3190 749 3257 comitemque,
768 3207 823 3241 una
842 3207 923 3257 quem
942 3194 1021 3243 nocte
1039 3188 1149 3240 Theano

390 3263 422 3315 In
441 3265 529 3317 lucem
548 3267 665 3333 genitori
685 3268 788 3333 Amyco
807 3267 893 3334 dedit,
912 3271 942 3321 et
959 3267 1018 3321 face
1036 3280 1193 3333 praegnans
1235 3295 1240 3302 -

381 3339 485 3394 Cisseis
502 3342 599 3412 regina
620 3342 713 3397 Parim
731 3346 822 3397 creat:
840 3342 908 3396 urbe
926 3346 1042 3412 paterna
1210 3350 1249 3395 700

366 3415 519 3488 Occubat;
539 3423 673 3494 ignarum
693 3421 824 3477 Laurens
837 3418 926 3473 habet
943 3436 994 3472 ora
1002 3418 1148 3469 blimauta

353 3492 397 3545 Ac
419 3498 502 3554 velut
523 3502 576 3559 ille
597 3522 709 3560 canum
729 3517 833 3558 mersu
849 3499 888 3552 de
903 3493 1046 3549 monthus
1060 3488 1126 3540 olbis

353 3564 442 3627 [θέω
455 3592 552 3653 '811013
569 3584 691 3643 multos
713 3580 851 3638 Vesulus
868 3589 959 3642 quem
973 3567 1077 3638 pinifer
1093 3574 1184 3610 mm
