3242 4159
611 735 639 784 Ρ.
657 732 813 782 VERGILI
831 728 997 778 MARONIs

575 887 1034 967 AENEIDOS

644 1073 761 1127 erana
786 1072 972 1138 eunnrus
1173 1055 1192 1133 ’,

764 1232 866 1262 ...4-

385 1364 430 1415 Aa
450 1363 546 1427 regina
562 1359 639 1427 gravi
656 1359 816 1414 iamdudum
835 1360 925 1413 saucia
943 1373 1007 1411 cura

385 1434 488 1488 Volnus
506 1434 555 1485 alit
572 1435 652 1499 venis,
672 1438 700 1487 et
718 1453 798 1490 cacco
817 1437 938 1504 carpitur
955 1432 1018 1499 ign'n

384 1506 472 1565 Multa
490 1510 540 1561 viri
559 1510 646 1561 virtus
665 1512 761 1579 animo,
780 1513 938 1579 multusque
956 1509 1079 1561 recursat

383 1588 479 1641 Gentis
496 1585 596 1650 honos;
613 1585 727 1640 haerent
744 1589 821 1641 infixi
840 1591 950 1656 pectore
969 1584 1057 1636 voltus

355 1715 356 1718 ,
383 1663 538 1731 Verbaque,
551 1662 601 1715 nec
612 1662 747 1731 placidam
762 1664 893 1717 membris
908 1660 1173 1727 datcuraquietem.
1228 1673 1241 1710 s

383 1736 497 1793 Postera
516 1738 643 1792 Phoebea
661 1738 798 1794 lustrabat
816 1738 943 1806 lampade
962 1741 1051 1789 terras

382 1810 606 1883 Humentemqne
626 1817 734 1869 Aurora
752 1817 814 1885 polo
833 1816 987 1868 dimoverat
1004 1811 1137 1877 umbram,

380 1888 451 1955 (lum
469 1890 507 1942 sie
526 1891 682 1944 unanimam
700 1892 859 1960 adloquitur
877 1890 948 1944 male
968 1905 1033 1943 sana
1051 1903 1185 1940 sororem:

382 1965 463 2019 Anna
481 1982 566 2033 soror,
583 1983 654 2033 qnae
673 1984 717 2020 me
736 1984 893 2036 suspensam
911 1964 1044 2019 insomnia
1059 1966 1183 2017 terrent!

381 2042 448 2106 Quis
465 2057 549 2093 novus
567 2040 611 2094 hie
629 2044 729 2096 nostris
749 2045 880 2097 successit
899 2042 1012 2097 sedibus
1030 2041 1138 2109 hospes,
1214 2051 1238 2091 ιο

381 2117 468 2181 Quem
487 2133 547 2169 sese
565 2133 612 2177 ore
630 2119 727 2187 ferens,
747 2137 830 2189 quam
849 2119 913 2173 lorti
931 2122 1044 2188 pectore
1061 2122 1091 2172 et
1108 2115 1207 2170 armis!

381 2192 471 2247 Credo
490 2192 627 2262 equidem,
645 2212 695 2248 nec
713 2213 782 2249 vana
799 2196 876 2263 fides,
894 2212 980 2263 genus
998 2212 1059 2248 esse
1077 2194 1200 2248 deornm

381 2265 538 2337 Degeneres
556 2270 659 2324 animes
676 2272 759 2324 timor
777 2273 876 2340 arguit
915 2272 987 2338 Heu,
1006 2270 1105 2339 quibus
1122 2268 1187 2321 ille·

382 2344 505 2399 Iactatus
522 2345 599 2400 latis!
620 2364 691 2416 quae
708 2347 781 2401 bella
799 2347 933 2401 exhausta
951 2347 1079 2401 canebat!

382 2421 410 2475 si
428 2422 494 2475 mihi
511 2439 564 2475 non
582 2423 671 2476 animo
690 2424 774 2477 fixum
793 2425 983 2492 inmotumque
1002 2423 1123 2485 sederet,
1215 2434 1239 2471 15

381 2497 425 2551 Ne
443 2498 485 2551 cni
504 2515 548 2551 me
566 2499 652 2552 vinclo
671 2500 768 2553 vellem
788 2500 891 2553 sociare
909 2500 1000 2568 iugali,

383 2575 531 2641 Postquam
549 2575 654 2643 primus
673 2592 749 2628 amor
767 2575 912 2644 deceptam
931 2579 1020 2629 morte
1038 2572 1153 2639 fefellit3

383 2650 411 2703 Si
428 2667 482 2702 nen
499 2654 656 2718 pertaesum
675 2651 789 2704 thalami
807 2652 962 2721 taedaeque
978 2653 1082 2719 hrisset,

383 2726 456 2778 Huic
474 2726 519 2778 uni
538 2726 629 2777 forsan
648 2727 725 2794 potui
745 2727 921 2781 succumbere
940 2728 1046 2796 culpae.

383 2802 472 2867 Anna,
491 2800 599 2854 fatebor
618 2803 699 2869 enim,
717 2803 809 2856 miseri
828 2806 891 2872 post
908 2805 966 2857 fata
983 2804 1097 2873 Sychaei
1219 2813 1243 2852 2⁰

383 2878 510 2945 Coniugis
529 2880 557 2930 et
575 2894 684 2947 sparsos
701 2879 824 2933 fraterna
842 2880 927 2934 caede
946 2880 1066 2946 Penatis,

383 2954 461 3009 Solus
480 2954 524 3007 hic
541 2954 647 3008 inflexit
666 2971 769 3022 sensus,
789 2957 967 3025 animumque
985 2956 1124 3009 labantem

383 3030 495 3100 Inpulit.
530 3032 676 3099 Adgnosco
695 3034 796 3085 veteris
815 3034 929 3101 vestigia
946 3033 1078 3087 flammae.

383 3106 439 3160 Sed
456 3108 523 3162 mihi
541 3108 583 3162 vel
602 3109 685 3162 tellus
699 3112 796 3177 optem
815 3110 891 3178 prins
908 3110 964 3162 ima
982 3109 1111 3174 dehiscat,

383 3182 436 3237 Vel
450 3184 533 3238 Pater
547 3186 717 3253 omnipotens
729 3185 824 3253 adigat
836 3203 881 3239 me
898 3185 1011 3238 fulmine
1022 3184 1057 3237 ad
1069 3182 1188 3245 umbras,
1218 3194 1244 3234 2⁵

384 3258 515 3314 Pallentis
533 3261 645 3314 umbras
665 3262 748 3315 Erebi
766 3265 931 3330 noctemque
948 3260 1121 3331 profundam,

370 3337 456 3399 Ante,
477 3336 582 3408 Pudor,
603 3356 687 3410 quam
706 3342 736 3393 te
754 3338 836 3406 violo,
852 3342 903 3392 aut
918 3341 971 3391 tna
984 3337 1048 3389 iura
1060 3336 1176 3388 resolm.

354 3404 415 3461 Ille
430 3427 518 3481 meos,
537 3418 654 3485 primus
675 3419 724 3490 qni
743 3435 790 3473 me
810 3415 868 3473 sibi
882 3414 990 3482 inunt,
1004 3425 1116 3464 amores

347 3479 484 3544 Abstulit
493 3513 504 3560 ,¹
519 3492 575 3551 ille
594 3496 709 3555 babeat
731 3512 836 3554 secum
855 3494 1015 3560 servetque
1033 3479 1195 3552 suffim-
