<?xml version="1.0" encoding="UTF-8"?>
<!DOCTYPE html PUBLIC "-//W3C//DTD XHTML 1.0 Transitional//EN"
    "http://www.w3.org/TR/xhtml1/DTD/xhtml1-transitional.dtd">
<html xmlns="http://www.w3.org/1999/xhtml" xml:lang="en" lang="en">
 <head>
  <title>
</title>
<meta http-equiv="Content-Type" content="text/html;charset=utf-8" />
  <meta name='ocr-system' content='tesseract 3.04.00' />
  <meta name='ocr-capabilities' content='ocr_page ocr_carea ocr_par ocr_line ocrx_word'/>
</head>
<body>
  <div class='ocr_page' id='page_1' title='image "./publivergilimar00conigoog_0084.png"; bbox 0 0 3242 4159; ppageno 0'>
   <div class='ocr_carea' id='block_1_1' title="bbox 404 527 1020 581">
    <p class='ocr_par' dir='ltr' id='par_1_1' title="bbox 404 527 1020 581">
     <span class='ocr_line' id='line_1_1' title="bbox 404 527 1020 581; baseline -0.003 0"><span class='ocrx_word' id='word_1_1' title='bbox 404 536 436 581; x_wconf 82' lang='lat'><strong>68</strong></span> <span class='ocrx_word' id='word_1_2' title='bbox 632 529 664 580; x_wconf 89' lang='lat' dir='ltr'><strong>P.</strong></span> <span class='ocrx_word' id='word_1_3' title='bbox 681 527 836 577; x_wconf 83' lang='lat' dir='ltr'><strong>VERGILI</strong></span> <span class='ocrx_word' id='word_1_4' title='bbox 853 528 1020 579; x_wconf 80' lang='lat' dir='ltr'>MARONIS</span> 
     </span>
    </p>
   </div>
   <div class='ocr_carea' id='block_1_2' title="bbox 359 606 1294 3659">
    <p class='ocr_par' dir='ltr' id='par_1_2' title="bbox 406 606 1124 676">
     <span class='ocr_line' id='line_1_2' title="bbox 406 606 1124 676; baseline -0.003 -11"><span class='ocrx_word' id='word_1_5' title='bbox 406 609 540 665; x_wconf 89' lang='lat' dir='ltr'><strong>Pontibus</strong></span> <span class='ocrx_word' id='word_1_6' title='bbox 556 611 589 662; x_wconf 90' lang='lat' dir='ltr'><strong>ut</strong></span> <span class='ocrx_word' id='word_1_7' title='bbox 606 606 710 661; x_wconf 83' lang='lat' dir='ltr'>crebris</span> <span class='ocrx_word' id='word_1_8' title='bbox 727 606 833 676; x_wconf 80' lang='lat' dir='ltr'><strong>possint</strong></span> <span class='ocrx_word' id='word_1_9' title='bbox 850 607 999 662; x_wconf 78' lang='lat' dir='ltr'><strong>consistere</strong></span> <span class='ocrx_word' id='word_1_10' title='bbox 1018 612 1048 663; x_wconf 90' lang='lat' dir='ltr'><strong>et</strong></span> <span class='ocrx_word' id='word_1_11' title='bbox 1065 608 1124 663; x_wconf 82' lang='lat' dir='ltr'><strong>alas</strong></span> 
     </span>
    </p>

    <p class='ocr_par' dir='ltr' id='par_1_3' title="bbox 405 682 1129 749">
     <span class='ocr_line' id='line_1_3' title="bbox 405 682 1129 749; baseline -0.001 -9"><span class='ocrx_word' id='word_1_12' title='bbox 405 687 531 740; x_wconf 87' lang='lat' dir='ltr'><strong>Pandere</strong></span> <span class='ocrx_word' id='word_1_13' title='bbox 549 684 585 738; x_wconf 87' lang='lat' dir='ltr'><strong>ad</strong></span> <span class='ocrx_word' id='word_1_14' title='bbox 603 684 736 737; x_wconf 82' lang='lat' dir='ltr'><strong>aestivum</strong></span> <span class='ocrx_word' id='word_1_15' title='bbox 754 682 847 749; x_wconf 93' lang='lat' dir='ltr'><strong>solem,</strong></span> <span class='ocrx_word' id='word_1_16' title='bbox 866 683 889 735; x_wconf 92' lang='lat' dir='ltr'><strong>si</strong></span> <span class='ocrx_word' id='word_1_17' title='bbox 906 683 979 738; x_wconf 83' lang='lat' dir='ltr'><strong>forte</strong></span> <span class='ocrx_word' id='word_1_18' title='bbox 997 686 1129 739; x_wconf 89' lang='lat' dir='ltr'><strong>morantis</strong></span> 
     </span>
    </p>

    <p class='ocr_par' dir='ltr' id='par_1_4' title="bbox 405 758 1191 833">
     <span class='ocr_line' id='line_1_4' title="bbox 405 758 1191 833; baseline -0.005 -15"><span class='ocrx_word' id='word_1_19' title='bbox 405 762 541 833; x_wconf 82' lang='lat' dir='ltr'><strong>Sparserit</strong></span> <span class='ocrx_word' id='word_1_20' title='bbox 558 762 607 813; x_wconf 90' lang='lat' dir='ltr'><strong>aut</strong></span> <span class='ocrx_word' id='word_1_21' title='bbox 624 775 755 827; x_wconf 87' lang='lat' dir='ltr'><strong>praeceps</strong></span> <span class='ocrx_word' id='word_1_22' title='bbox 774 758 903 827; x_wconf 79' lang='lat' dir='ltr'>Neptuno</span> <span class='ocrx_word' id='word_1_23' title='bbox 921 760 1076 814; x_wconf 83' lang='lat' dir='ltr'><strong>inmerserit</strong></span> <span class='ocrx_word' id='word_1_24' title='bbox 1094 762 1191 819; x_wconf 83' lang='lat' dir='ltr'><strong>Eunrs</strong></span> 
     </span>
    </p>

    <p class='ocr_par' dir='ltr' id='par_1_5' title="bbox 404 834 1276 898">
     <span class='ocr_line' id='line_1_5' title="bbox 404 834 1276 898; baseline -0.003 -4"><span class='ocrx_word' id='word_1_25' title='bbox 404 839 482 893; x_wconf 87' lang='lat' dir='ltr'><strong>Hace</strong></span> <span class='ocrx_word' id='word_1_26' title='bbox 498 839 599 891; x_wconf 89' lang='lat' dir='ltr'><strong>circum</strong></span> <span class='ocrx_word' id='word_1_27' title='bbox 617 836 704 889; x_wconf 88' lang='lat' dir='ltr'><strong>casiae</strong></span> <span class='ocrx_word' id='word_1_28' title='bbox 723 834 824 887; x_wconf 87' lang='lat' dir='ltr'><strong>virides</strong></span> <span class='ocrx_word' id='word_1_29' title='bbox 843 837 872 888; x_wconf 93' lang='lat' dir='ltr'><strong>et</strong></span> <span class='ocrx_word' id='word_1_30' title='bbox 891 835 991 889; x_wconf 89' lang='lat' dir='ltr'><strong>olentia</strong></span> <span class='ocrx_word' id='word_1_31' title='bbox 1008 836 1065 891; x_wconf 89' lang='lat' dir='ltr'><strong>late</strong></span> <span class='ocrx_word' id='word_1_32' title='bbox 1237 858 1276 898; x_wconf 79' lang='lat' dir='ltr'><strong>so-</strong></span> 
     </span>
    </p>

    <p class='ocr_par' dir='ltr' id='par_1_6' title="bbox 404 911 1113 984">
     <span class='ocr_line' id='line_1_6' title="bbox 404 911 1113 984; baseline -0.003 -15"><span class='ocrx_word' id='word_1_33' title='bbox 404 914 527 984; x_wconf 79' lang='lat' dir='ltr'><strong>Serpylls</strong></span> <span class='ocrx_word' id='word_1_34' title='bbox 544 916 574 966; x_wconf 90' lang='lat' dir='ltr'><strong>et</strong></span> <span class='ocrx_word' id='word_1_35' title='bbox 591 912 711 980; x_wconf 85' lang='lat' dir='ltr'><strong>graviter</strong></span> <span class='ocrx_word' id='word_1_36' title='bbox 730 911 858 979; x_wconf 89' lang='lat' dir='ltr'><strong>spirantis</strong></span> <span class='ocrx_word' id='word_1_37' title='bbox 875 914 952 981; x_wconf 86' lang='lat' dir='ltr'><strong>copia</strong></span> <span class='ocrx_word' id='word_1_38' title='bbox 969 912 1113 981; x_wconf 83' lang='lat' dir='ltr'><strong>thymbrae</strong></span> 
     </span>
    </p>

    <p class='ocr_par' dir='ltr' id='par_1_7' title="bbox 403 986 1109 1058">
     <span class='ocr_line' id='line_1_7' title="bbox 403 986 1109 1058; baseline -0.003 -12"><span class='ocrx_word' id='word_1_39' title='bbox 403 991 521 1058; x_wconf 79' lang='lat' dir='ltr'><strong>Floreat,</strong></span> <span class='ocrx_word' id='word_1_40' title='bbox 539 990 733 1056; x_wconf 86' lang='lat' dir='ltr'><strong>inriguumque</strong></span> <span class='ocrx_word' id='word_1_41' title='bbox 751 986 850 1040; x_wconf 90' lang='lat' dir='ltr'><strong>bibant</strong></span> <span class='ocrx_word' id='word_1_42' title='bbox 867 988 979 1041; x_wconf 87' lang='lat' dir='ltr'><strong>violaris</strong></span> <span class='ocrx_word' id='word_1_43' title='bbox 996 989 1109 1044; x_wconf 84' lang='lat' dir='ltr'><strong>fontem.</strong></span> 
     </span>
    </p>

    <p class='ocr_par' dir='ltr' id='par_1_8' title="bbox 404 1062 1094 1139">
     <span class='ocr_line' id='line_1_8' title="bbox 404 1062 1094 1139; baseline -0.006 -16"><span class='ocrx_word' id='word_1_44' title='bbox 404 1069 470 1139; x_wconf 88' lang='lat' dir='ltr'><strong>Ipsa</strong></span> <span class='ocrx_word' id='word_1_45' title='bbox 487 1073 587 1135; x_wconf 86' lang='lat' dir='ltr'><strong>autern,</strong></span> <span class='ocrx_word' id='word_1_46' title='bbox 606 1082 653 1119; x_wconf 89' lang='lat' dir='ltr'><strong>seu</strong></span> <span class='ocrx_word' id='word_1_47' title='bbox 672 1063 818 1118; x_wconf 76' lang='lat' dir='ltr'><strong>corticibus</strong></span> <span class='ocrx_word' id='word_1_48' title='bbox 836 1062 888 1117; x_wconf 91' lang='lat' dir='ltr'><strong>tibi</strong></span> <span class='ocrx_word' id='word_1_49' title='bbox 906 1068 967 1118; x_wconf 89' lang='lat' dir='ltr'><strong>suta</strong></span> <span class='ocrx_word' id='word_1_50' title='bbox 985 1066 1094 1133; x_wconf 85' lang='lat' dir='ltr'><strong>cavatis,</strong></span> 
     </span>
    </p>

    <p class='ocr_par' dir='ltr' id='par_1_9' title="bbox 403 1140 1023 1208">
     <span class='ocr_line' id='line_1_9' title="bbox 403 1140 1023 1208; baseline -0.013 -7"><span class='ocrx_word' id='word_1_51' title='bbox 403 1147 457 1201; x_wconf 82' lang='lat' dir='ltr'><strong>Seu</strong></span> <span class='ocrx_word' id='word_1_52' title='bbox 473 1146 549 1200; x_wconf 91' lang='lat' dir='ltr'><strong>lento</strong></span> <span class='ocrx_word' id='word_1_53' title='bbox 566 1143 667 1197; x_wconf 79' lang='lat' dir='ltr'><strong>hierint</strong></span> <span class='ocrx_word' id='word_1_54' title='bbox 686 1140 803 1195; x_wconf 76' lang='lat' dir='ltr'><strong>alvearia</strong></span> <span class='ocrx_word' id='word_1_55' title='bbox 821 1141 920 1195; x_wconf 86' lang='lat' dir='ltr'><strong>vimine</strong></span> <span class='ocrx_word' id='word_1_56' title='bbox 937 1144 1023 1208; x_wconf 86' lang='lat' dir='ltr'><strong>texta,</strong></span> 
     </span>
    </p>

    <p class='ocr_par' dir='ltr' id='par_1_10' title="bbox 403 1217 1261 1290">
     <span class='ocr_line' id='line_1_10' title="bbox 403 1217 1261 1290; baseline -0.008 -14"><span class='ocrx_word' id='word_1_57' title='bbox 403 1222 544 1290; x_wconf 80' lang='lat' dir='ltr'><strong>Angustos</strong></span> <span class='ocrx_word' id='word_1_58' title='bbox 561 1221 680 1275; x_wconf 86' lang='lat' dir='ltr'><strong>habeant</strong></span> <span class='ocrx_word' id='word_1_59' title='bbox 698 1218 803 1271; x_wconf 87' lang='lat' dir='ltr'><strong>aditus:</strong></span> <span class='ocrx_word' id='word_1_60' title='bbox 821 1234 884 1270; x_wconf 86' lang='lat' dir='ltr'><strong>nam</strong></span> <span class='ocrx_word' id='word_1_61' title='bbox 902 1218 1002 1286; x_wconf 84' lang='lat' dir='ltr'><strong>frigore</strong></span> <span class='ocrx_word' id='word_1_62' title='bbox 1019 1217 1101 1271; x_wconf 88' lang='lat' dir='ltr'><strong>mella</strong></span> <span class='ocrx_word' id='word_1_63' title='bbox 1235 1237 1261 1277; x_wconf 79' lang='lat' dir='ltr'><strong>ss</strong></span> 
     </span>
    </p>

    <p class='ocr_par' dir='ltr' id='par_1_11' title="bbox 403 1294 1179 1367">
     <span class='ocr_line' id='line_1_11' title="bbox 403 1294 1179 1367; baseline -0.006 -13"><span class='ocrx_word' id='word_1_64' title='bbox 403 1298 483 1367; x_wconf 80' lang='lat' dir='ltr'><strong>Cogit</strong></span> <span class='ocrx_word' id='word_1_65' title='bbox 499 1298 613 1366; x_wconf 90' lang='lat' dir='ltr'><strong>hiemps,</strong></span> <span class='ocrx_word' id='word_1_66' title='bbox 632 1296 784 1365; x_wconf 89' lang='lat' dir='ltr'><strong>eademque</strong></span> <span class='ocrx_word' id='word_1_67' title='bbox 802 1294 875 1348; x_wconf 88' lang='lat' dir='ltr'><strong>calor</strong></span> <span class='ocrx_word' id='word_1_68' title='bbox 892 1294 1038 1362; x_wconf 86' lang='lat' dir='ltr'><strong>liquefacta</strong></span> <span class='ocrx_word' id='word_1_69' title='bbox 1055 1294 1179 1349; x_wconf 89' lang='lat' dir='ltr'><strong>remittit.</strong></span> 
     </span>
    </p>

    <p class='ocr_par' dir='ltr' id='par_1_12' title="bbox 401 1370 1194 1444">
     <span class='ocr_line' id='line_1_12' title="bbox 401 1370 1194 1444; baseline -0.005 -15"><span class='ocrx_word' id='word_1_70' title='bbox 401 1374 529 1444; x_wconf 86' lang='lat' dir='ltr'><strong>Utraque</strong></span> <span class='ocrx_word' id='word_1_71' title='bbox 547 1376 588 1428; x_wconf 87' lang='lat' dir='ltr'><strong>vis</strong></span> <span class='ocrx_word' id='word_1_72' title='bbox 607 1373 702 1443; x_wconf 91' lang='lat' dir='ltr'><strong>apibus</strong></span> <span class='ocrx_word' id='word_1_73' title='bbox 721 1371 824 1441; x_wconf 88' lang='lat' dir='ltr'><strong>pariter</strong></span> <span class='ocrx_word' id='word_1_74' title='bbox 843 1370 1006 1435; x_wconf 88' lang='lat' dir='ltr'><strong>metuenda;</strong></span> <span class='ocrx_word' id='word_1_75' title='bbox 1023 1386 1113 1438; x_wconf 90' lang='lat' dir='ltr'><strong>neque</strong></span> <span class='ocrx_word' id='word_1_76' title='bbox 1129 1371 1194 1425; x_wconf 89' lang='lat' dir='ltr'><strong>illae</strong></span> 
     </span>
    </p>

    <p class='ocr_par' dir='ltr' id='par_1_13' title="bbox 402 1447 1054 1521">
     <span class='ocr_line' id='line_1_13' title="bbox 402 1447 1054 1521; baseline -0.009 -16"><span class='ocrx_word' id='word_1_77' title='bbox 402 1450 575 1521; x_wconf 82' lang='lat' dir='ltr'><strong>Nequiquam</strong></span> <span class='ocrx_word' id='word_1_78' title='bbox 593 1450 621 1503; x_wconf 92' lang='lat' dir='ltr'><strong>in</strong></span> <span class='ocrx_word' id='word_1_79' title='bbox 639 1449 719 1502; x_wconf 88' lang='lat' dir='ltr'><strong>tectis</strong></span> <span class='ocrx_word' id='word_1_80' title='bbox 737 1448 863 1500; x_wconf 83' lang='lat' dir='ltr'><strong>certatim</strong></span> <span class='ocrx_word' id='word_1_81' title='bbox 880 1447 974 1500; x_wconf 90' lang='lat' dir='ltr'><strong>tenuia</strong></span> <span class='ocrx_word' id='word_1_82' title='bbox 991 1462 1054 1500; x_wconf 86' lang='lat' dir='ltr'><strong>cera</strong></span> 
     </span>
    </p>

    <p class='ocr_par' dir='ltr' id='par_1_14' title="bbox 402 1522 1079 1596">
     <span class='ocr_line' id='line_1_14' title="bbox 402 1522 1079 1596; baseline -0.007 -15"><span class='ocrx_word' id='word_1_83' title='bbox 402 1527 575 1596; x_wconf 83' lang='lat' dir='ltr'><strong>Spiramcnta</strong></span> <span class='ocrx_word' id='word_1_84' title='bbox 592 1526 688 1589; x_wconf 90' lang='lat' dir='ltr'><strong>linunt,</strong></span> <span class='ocrx_word' id='word_1_85' title='bbox 707 1525 824 1592; x_wconf 89' lang='lat' dir='ltr'><strong>fucoque</strong></span> <span class='ocrx_word' id='word_1_86' title='bbox 841 1525 870 1576; x_wconf 91' lang='lat' dir='ltr'><strong>et</strong></span> <span class='ocrx_word' id='word_1_87' title='bbox 888 1522 999 1576; x_wconf 90' lang='lat' dir='ltr'><strong>floribus</strong></span> <span class='ocrx_word' id='word_1_88' title='bbox 1017 1540 1079 1576; x_wconf 89' lang='lat' dir='ltr'><strong>oras</strong></span> 
     </span>
    </p>

    <p class='ocr_par' dir='ltr' id='par_1_15' title="bbox 401 1599 1259 1672">
     <span class='ocr_line' id='line_1_15' title="bbox 401 1599 1259 1672; baseline 0.001 -15"><span class='ocrx_word' id='word_1_89' title='bbox 401 1602 529 1672; x_wconf 84' lang='lat' dir='ltr'><strong>Explent,</strong></span> <span class='ocrx_word' id='word_1_90' title='bbox 548 1601 746 1669; x_wconf 89' lang='lat' dir='ltr'><strong>collectumque</strong></span> <span class='ocrx_word' id='word_1_91' title='bbox 764 1599 831 1653; x_wconf 87' lang='lat' dir='ltr'><strong>haec</strong></span> <span class='ocrx_word' id='word_1_92' title='bbox 848 1599 908 1668; x_wconf 90' lang='lat' dir='ltr'><strong>ipsa</strong></span> <span class='ocrx_word' id='word_1_93' title='bbox 925 1599 962 1652; x_wconf 90' lang='lat' dir='ltr'><strong>ad</strong></span> <span class='ocrx_word' id='word_1_94' title='bbox 979 1616 1093 1654; x_wconf 87' lang='lat' dir='ltr'><strong>munera</strong></span> <span class='ocrx_word' id='word_1_95' title='bbox 1109 1599 1205 1667; x_wconf 86' lang='lat' dir='ltr'><strong>gluten</strong></span> <span class='ocrx_word' id='word_1_96' title='bbox 1233 1617 1259 1658; x_wconf 71' lang='lat' dir='ltr'><strong>so</strong></span> 
     </span>
    </p>

    <p class='ocr_par' dir='ltr' id='par_1_16' title="bbox 401 1675 1150 1746">
     <span class='ocr_line' id='line_1_16' title="bbox 401 1675 1150 1746; baseline -0.004 -12"><span class='ocrx_word' id='word_1_97' title='bbox 401 1680 439 1733; x_wconf 82' lang='lat' dir='ltr'><strong>Et</strong></span> <span class='ocrx_word' id='word_1_98' title='bbox 455 1680 527 1733; x_wconf 85' lang='lat' dir='ltr'><strong>visco</strong></span> <span class='ocrx_word' id='word_1_99' title='bbox 546 1682 575 1732; x_wconf 90' lang='lat' dir='ltr'><strong>et</strong></span> <span class='ocrx_word' id='word_1_100' title='bbox 595 1677 729 1746; x_wconf 87' lang='lat' dir='ltr'><strong>Phrygiae</strong></span> <span class='ocrx_word' id='word_1_101' title='bbox 748 1679 858 1730; x_wconf 87' lang='lat' dir='ltr'><strong>servant</strong></span> <span class='ocrx_word' id='word_1_102' title='bbox 875 1676 936 1745; x_wconf 88' lang='lat' dir='ltr'><strong>pice</strong></span> <span class='ocrx_word' id='word_1_103' title='bbox 954 1675 1054 1730; x_wconf 89' lang='lat' dir='ltr'><strong>lentius</strong></span> <span class='ocrx_word' id='word_1_104' title='bbox 1073 1675 1150 1731; x_wconf 85' lang='lat' dir='ltr'><strong>Idae.</strong></span> 
     </span>
    </p>

    <p class='ocr_par' dir='ltr' id='par_1_17' title="bbox 401 1752 1135 1825">
     <span class='ocr_line' id='line_1_17' title="bbox 401 1752 1135 1825; baseline -0.004 -15"><span class='ocrx_word' id='word_1_105' title='bbox 401 1755 535 1825; x_wconf 80' lang='lat' dir='ltr'><strong>Saepet</strong></span> <span class='ocrx_word' id='word_1_106' title='bbox 506 1755 590 1809; x_wconf 88' lang='lat' dir='ltr'><strong>etiam</strong></span> <span class='ocrx_word' id='word_1_107' title='bbox 609 1754 720 1821; x_wconf 84' lang='lat' dir='ltr'><strong>effossis,</strong></span> <span class='ocrx_word' id='word_1_108' title='bbox 740 1753 846 1807; x_wconf 81' lang='lat' dir='ltr'><strong>eivers</strong></span> <span class='ocrx_word' id='word_1_109' title='bbox 864 1755 907 1806; x_wconf 90' lang='lat' dir='ltr'><strong>cst</strong></span> <span class='ocrx_word' id='word_1_110' title='bbox 924 1753 1003 1821; x_wconf 86' lang='lat' dir='ltr'><strong>fama,</strong></span> <span class='ocrx_word' id='word_1_111' title='bbox 1022 1752 1135 1807; x_wconf 88' lang='lat' dir='ltr'><strong>latebris</strong></span> 
     </span>
    </p>

    <p class='ocr_par' dir='ltr' id='par_1_18' title="bbox 401 1829 1098 1898">
     <span class='ocr_line' id='line_1_18' title="bbox 401 1829 1098 1898; baseline -0.004 -12"><span class='ocrx_word' id='word_1_112' title='bbox 401 1831 457 1886; x_wconf 79' lang='lat' dir='ltr'><strong>Sub</strong></span> <span class='ocrx_word' id='word_1_113' title='bbox 475 1835 551 1886; x_wconf 88' lang='lat' dir='ltr'><strong>terra</strong></span> <span class='ocrx_word' id='word_1_114' title='bbox 567 1832 661 1884; x_wconf 87' lang='lat' dir='ltr'><strong>fovere</strong></span> <span class='ocrx_word' id='word_1_115' title='bbox 678 1830 772 1895; x_wconf 88' lang='lat' dir='ltr'><strong>larem,</strong></span> <span class='ocrx_word' id='word_1_116' title='bbox 790 1829 954 1898; x_wconf 87' lang='lat' dir='ltr'><strong>penitusque</strong></span> <span class='ocrx_word' id='word_1_117' title='bbox 971 1832 1098 1897; x_wconf 82' lang='lat' dir='ltr'><strong>repertae</strong></span> 
     </span>
    </p>

    <p class='ocr_par' dir='ltr' id='par_1_19' title="bbox 359 1901 1294 2039">
     <span class='ocr_line' id='line_1_19' title="bbox 362 1901 1294 1993; baseline -0.002 -31.913"><span class='ocrx_word' id='word_1_118' title='bbox 362 1906 613 1978; x_wconf 88' lang='lat' dir='ltr'><strong>·.·Pumicibusque</strong></span> <span class='ocrx_word' id='word_1_119' title='bbox 631 1906 704 1960; x_wconf 81' lang='lat' dir='ltr'><strong>cavis</strong></span> <span class='ocrx_word' id='word_1_120' title='bbox 722 1922 875 1973; x_wconf 82' lang='lat' dir='ltr'><strong>exesaeque</strong></span> <span class='ocrx_word' id='word_1_121' title='bbox 894 1904 999 1959; x_wconf 90' lang='lat' dir='ltr'><strong>arboris</strong></span> <span class='ocrx_word' id='word_1_122' title='bbox 1016 1909 1104 1960; x_wconf 88' lang='lat' dir='ltr'><strong>antro.</strong></span> <span class='ocrx_word' id='word_1_123' title='bbox 1226 1901 1294 1993; x_wconf 41' lang='grc' dir='ltr'><strong>ζ.</strong></span> 
     </span>
     <span class='ocr_line' id='line_1_20' title="bbox 359 1967 1257 2039; baseline -0.004 -2"><span class='ocrx_word' id='word_1_124' title='bbox 359 1967 442 2037; x_wconf 73' lang='lat' dir='ltr'><strong>sin</strong></span> <span class='ocrx_word' id='word_1_125' title='bbox 459 1986 550 2037; x_wconf 87' lang='lat' dir='ltr'><strong>tamen</strong></span> <span class='ocrx_word' id='word_1_126' title='bbox 569 1986 598 2036; x_wconf 91' lang='lat' dir='ltr'><strong>et</strong></span> <span class='ocrx_word' id='word_1_127' title='bbox 614 1982 668 2036; x_wconf 83' lang='lat' dir='ltr'><strong>levi</strong></span> <span class='ocrx_word' id='word_1_128' title='bbox 685 1983 785 2035; x_wconf 83' lang='lat' dir='ltr'><strong>rimosa</strong></span> <span class='ocrx_word' id='word_1_129' title='bbox 802 1981 901 2035; x_wconf 87' lang='lat' dir='ltr'><strong>cubilia</strong></span> <span class='ocrx_word' id='word_1_130' title='bbox 918 1982 982 2035; x_wconf 91' lang='lat' dir='ltr'><strong>limo</strong></span> <span class='ocrx_word' id='word_1_131' title='bbox 1232 1999 1257 2039; x_wconf 79' lang='lat'><strong>45</strong></span> 
     </span>
    </p>

    <p class='ocr_par' dir='ltr' id='par_1_20' title="bbox 400 2058 1191 2128">
     <span class='ocr_line' id='line_1_21' title="bbox 400 2058 1191 2128; baseline 0.003 -15"><span class='ocrx_word' id='word_1_132' title='bbox 400 2058 499 2127; x_wconf 86' lang='lat' dir='ltr'><strong>Ungue</strong></span> <span class='ocrx_word' id='word_1_133' title='bbox 516 2059 650 2114; x_wconf 79' lang='lat' dir='ltr'><strong>fovens</strong></span> <span class='ocrx_word' id='word_1_134' title='bbox 628 2076 770 2128; x_wconf 77' lang='lat' dir='ltr'><strong>circumc</strong></span> <span class='ocrx_word' id='word_1_135' title='bbox 754 2062 783 2113; x_wconf 90' lang='lat' dir='ltr'><strong>t</strong></span> <span class='ocrx_word' id='word_1_136' title='bbox 800 2075 877 2112; x_wconf 87' lang='lat' dir='ltr'><strong>raras</strong></span> <span class='ocrx_word' id='word_1_137' title='bbox 895 2058 1055 2127; x_wconf 85' lang='lat' dir='ltr'><strong>superiniice</strong></span> <span class='ocrx_word' id='word_1_138' title='bbox 1072 2059 1191 2115; x_wconf 84' lang='lat' dir='ltr'><strong>frondes.</strong></span> 
     </span>
    </p>

    <p class='ocr_par' dir='ltr' id='par_1_21' title="bbox 400 2135 1116 2205">
     <span class='ocr_line' id='line_1_22' title="bbox 400 2135 1116 2205; baseline 0 -16"><span class='ocrx_word' id='word_1_139' title='bbox 400 2135 483 2189; x_wconf 85' lang='lat' dir='ltr'><strong>Neu</strong></span> <span class='ocrx_word' id='word_1_140' title='bbox 479 2135 590 2205; x_wconf 81' lang='lat' dir='ltr'><strong>propius</strong></span> <span class='ocrx_word' id='word_1_141' title='bbox 609 2136 690 2189; x_wconf 87' lang='lat' dir='ltr'><strong>tectis</strong></span> <span class='ocrx_word' id='word_1_142' title='bbox 707 2140 803 2189; x_wconf 84' lang='lat' dir='ltr'><strong>taxum</strong></span> <span class='ocrx_word' id='word_1_143' title='bbox 823 2135 887 2202; x_wconf 90' lang='lat' dir='ltr'><strong>sine,</strong></span> <span class='ocrx_word' id='word_1_144' title='bbox 905 2150 974 2187; x_wconf 90' lang='lat' dir='ltr'><strong>neve</strong></span> <span class='ocrx_word' id='word_1_145' title='bbox 992 2135 1116 2189; x_wconf 88' lang='lat' dir='ltr'><strong>rubentis</strong></span> 
     </span>
    </p>

    <p class='ocr_par' dir='ltr' id='par_1_22' title="bbox 399 2210 1051 2280">
     <span class='ocr_line' id='line_1_23' title="bbox 399 2210 1051 2280; baseline -0.002 -16"><span class='ocrx_word' id='word_1_146' title='bbox 399 2210 458 2265; x_wconf 91' lang='lat' dir='ltr'><strong>Ure</strong></span> <span class='ocrx_word' id='word_1_147' title='bbox 476 2212 535 2265; x_wconf 87' lang='lat' dir='ltr'><strong>foco</strong></span> <span class='ocrx_word' id='word_1_148' title='bbox 554 2228 671 2279; x_wconf 89' lang='lat' dir='ltr'><strong>canoros,</strong></span> <span class='ocrx_word' id='word_1_149' title='bbox 691 2212 764 2265; x_wconf 82' lang='lat' dir='ltr'><strong>altae.</strong></span> <span class='ocrx_word' id='word_1_150' title='bbox 780 2228 834 2265; x_wconf 91' lang='lat' dir='ltr'><strong>neu</strong></span> <span class='ocrx_word' id='word_1_151' title='bbox 853 2210 934 2264; x_wconf 88' lang='lat' dir='ltr'><strong>crede</strong></span> <span class='ocrx_word' id='word_1_152' title='bbox 951 2211 1051 2280; x_wconf 88' lang='lat' dir='ltr'><strong>paludi,</strong></span> 
     </span>
    </p>

    <p class='ocr_par' dir='ltr' id='par_1_23' title="bbox 400 2286 1256 2511">
     <span class='ocr_line' id='line_1_24' title="bbox 401 2286 1185 2357; baseline 0.004 -17"><span class='ocrx_word' id='word_1_153' title='bbox 401 2287 460 2342; x_wconf 89' lang='lat' dir='ltr'><strong>Aut</strong></span> <span class='ocrx_word' id='word_1_154' title='bbox 477 2286 523 2340; x_wconf 91' lang='lat' dir='ltr'><strong>ubi</strong></span> <span class='ocrx_word' id='word_1_155' title='bbox 542 2287 610 2341; x_wconf 91' lang='lat' dir='ltr'><strong>odor</strong></span> <span class='ocrx_word' id='word_1_156' title='bbox 628 2289 705 2341; x_wconf 90' lang='lat' dir='ltr'><strong>caeni</strong></span> <span class='ocrx_word' id='word_1_157' title='bbox 722 2288 820 2357; x_wconf 83' lang='lat' dir='ltr'><strong>gravis,</strong></span> <span class='ocrx_word' id='word_1_158' title='bbox 839 2290 887 2340; x_wconf 89' lang='lat' dir='ltr'><strong>aut</strong></span> <span class='ocrx_word' id='word_1_159' title='bbox 904 2286 952 2340; x_wconf 90' lang='lat' dir='ltr'><strong>ubi</strong></span> <span class='ocrx_word' id='word_1_160' title='bbox 970 2304 1087 2341; x_wconf 81' lang='lat' dir='ltr'><strong>concava</strong></span> <span class='ocrx_word' id='word_1_161' title='bbox 1103 2289 1185 2357; x_wconf 89' lang='lat' dir='ltr'><strong>pulsu</strong></span> 
     </span>
     <span class='ocr_line' id='line_1_25' title="bbox 400 2363 1256 2434; baseline 0.005 -17"><span class='ocrx_word' id='word_1_162' title='bbox 400 2363 472 2418; x_wconf 77' lang='lat' dir='ltr'><strong>Saxa</strong></span> <span class='ocrx_word' id='word_1_163' title='bbox 489 2366 587 2418; x_wconf 89' lang='lat' dir='ltr'><strong>sonant</strong></span> <span class='ocrx_word' id='word_1_164' title='bbox 605 2365 733 2434; x_wconf 86' lang='lat' dir='ltr'><strong>vocisque</strong></span> <span class='ocrx_word' id='word_1_165' title='bbox 751 2364 855 2418; x_wconf 86' lang='lat' dir='ltr'><strong>offensa</strong></span> <span class='ocrx_word' id='word_1_166' title='bbox 872 2364 988 2417; x_wconf 88' lang='lat' dir='ltr'><strong>resultat</strong></span> <span class='ocrx_word' id='word_1_167' title='bbox 1005 2364 1101 2432; x_wconf 84' lang='lat' dir='ltr'><strong>imago.</strong></span> <span class='ocrx_word' id='word_1_168' title='bbox 1230 2382 1256 2421; x_wconf 86' lang='lat' dir='ltr'><strong>so</strong></span> 
     </span>
     <span class='ocr_line' id='line_1_26' title="bbox 435 2439 1204 2511; baseline 0.004 -17"><span class='ocrx_word' id='word_1_169' title='bbox 435 2440 514 2505; x_wconf 79' lang='lat' dir='ltr'><strong>Quod</strong></span> <span class='ocrx_word' id='word_1_170' title='bbox 526 2443 659 2510; x_wconf 86' lang='lat' dir='ltr'><strong>superest,</strong></span> <span class='ocrx_word' id='word_1_171' title='bbox 670 2440 718 2494; x_wconf 93' lang='lat' dir='ltr'><strong>ubi</strong></span> <span class='ocrx_word' id='word_1_172' title='bbox 729 2440 836 2511; x_wconf 88' lang='lat' dir='ltr'><strong>pulsam</strong></span> <span class='ocrx_word' id='word_1_173' title='bbox 848 2440 966 2494; x_wconf 90' lang='lat' dir='ltr'><strong>hiemem</strong></span> <span class='ocrx_word' id='word_1_174' title='bbox 979 2439 1024 2493; x_wconf 84' lang='lat' dir='ltr'><strong>Sol</strong></span> <span class='ocrx_word' id='word_1_175' title='bbox 1037 2457 1135 2495; x_wconf 88' lang='lat' dir='ltr'><strong>aureus</strong></span> <span class='ocrx_word' id='word_1_176' title='bbox 1146 2443 1204 2511; x_wconf 89' lang='lat' dir='ltr'><strong>egit</strong></span> 
     </span>
    </p>

    <p class='ocr_par' dir='ltr' id='par_1_24' title="bbox 400 2515 1077 2586">
     <span class='ocr_line' id='line_1_27' title="bbox 400 2515 1077 2586; baseline 0 -16"><span class='ocrx_word' id='word_1_177' title='bbox 400 2516 457 2570; x_wconf 82' lang='lat' dir='ltr'><strong>Sub</strong></span> <span class='ocrx_word' id='word_1_178' title='bbox 475 2521 564 2572; x_wconf 90' lang='lat' dir='ltr'><strong>terras</strong></span> <span class='ocrx_word' id='word_1_179' title='bbox 582 2516 741 2586; x_wconf 89' lang='lat' dir='ltr'><strong>caelumque</strong></span> <span class='ocrx_word' id='word_1_180' title='bbox 760 2517 864 2570; x_wconf 87' lang='lat' dir='ltr'><strong>aestiva</strong></span> <span class='ocrx_word' id='word_1_181' title='bbox 881 2515 941 2569; x_wconf 89' lang='lat' dir='ltr'><strong>luce</strong></span> <span class='ocrx_word' id='word_1_182' title='bbox 958 2517 1077 2585; x_wconf 88' lang='lat' dir='ltr'><strong>reclusit,</strong></span> 
     </span>
    </p>

    <p class='ocr_par' dir='ltr' id='par_1_25' title="bbox 401 2591 1034 2661">
     <span class='ocr_line' id='line_1_28' title="bbox 401 2591 1034 2661; baseline 0.003 -17"><span class='ocrx_word' id='word_1_183' title='bbox 401 2591 470 2645; x_wconf 90' lang='lat' dir='ltr'><strong>lllae</strong></span> <span class='ocrx_word' id='word_1_184' title='bbox 487 2594 612 2647; x_wconf 90' lang='lat' dir='ltr'><strong>continuo</strong></span> <span class='ocrx_word' id='word_1_185' title='bbox 631 2593 716 2647; x_wconf 89' lang='lat' dir='ltr'><strong>saltus</strong></span> <span class='ocrx_word' id='word_1_186' title='bbox 735 2594 869 2661; x_wconf 87' lang='lat' dir='ltr'><strong>silvasque</strong></span> <span class='ocrx_word' id='word_1_187' title='bbox 886 2595 1034 2661; x_wconf 81' lang='lat' dir='ltr'><strong>peragrant</strong></span> 
     </span>
    </p>

    <p class='ocr_par' dir='ltr' id='par_1_26' title="bbox 401 2667 1116 2738">
     <span class='ocr_line' id='line_1_29' title="bbox 401 2667 1116 2738; baseline 0.006 -17"><span class='ocrx_word' id='word_1_188' title='bbox 401 2667 609 2738; x_wconf 87' lang='lat' dir='ltr'><strong>Purpureosque</strong></span> <span class='ocrx_word' id='word_1_189' title='bbox 627 2672 735 2723; x_wconf 88' lang='lat' dir='ltr'><strong>metunt</strong></span> <span class='ocrx_word' id='word_1_190' title='bbox 753 2669 834 2723; x_wconf 87' lang='lat' dir='ltr'><strong>flores</strong></span> <span class='ocrx_word' id='word_1_191' title='bbox 853 2674 882 2723; x_wconf 90' lang='lat' dir='ltr'><strong>et</strong></span> <span class='ocrx_word' id='word_1_192' title='bbox 899 2670 1010 2722; x_wconf 89' lang='lat' dir='ltr'><strong>flumina</strong></span> <span class='ocrx_word' id='word_1_193' title='bbox 1027 2670 1116 2725; x_wconf 85' lang='lat' dir='ltr'><strong>libant</strong></span> 
     </span>
    </p>

    <p class='ocr_par' dir='ltr' id='par_1_27' title="bbox 400 2743 1255 2814">
     <span class='ocr_line' id='line_1_30' title="bbox 400 2743 1255 2814; baseline 0.006 -17"><span class='ocrx_word' id='word_1_194' title='bbox 400 2744 511 2798; x_wconf 82' lang='lat' dir='ltr'><strong>Summa</strong></span> <span class='ocrx_word' id='word_1_195' title='bbox 528 2743 608 2800; x_wconf 89' lang='lat' dir='ltr'><strong>leves.</strong></span> <span class='ocrx_word' id='word_1_196' title='bbox 648 2744 722 2797; x_wconf 89' lang='lat' dir='ltr'><strong>Hine</strong></span> <span class='ocrx_word' id='word_1_197' title='bbox 739 2746 829 2798; x_wconf 89' lang='lat' dir='ltr'><strong>nescio</strong></span> <span class='ocrx_word' id='word_1_198' title='bbox 849 2762 903 2814; x_wconf 88' lang='lat' dir='ltr'><strong>qna</strong></span> <span class='ocrx_word' id='word_1_199' title='bbox 921 2745 1065 2800; x_wconf 86' lang='lat' dir='ltr'><strong>dulcedine</strong></span> <span class='ocrx_word' id='word_1_200' title='bbox 1082 2748 1173 2801; x_wconf 85' lang='lat' dir='ltr'><strong>laetae</strong></span> <span class='ocrx_word' id='word_1_201' title='bbox 1230 2762 1255 2801; x_wconf 80' lang='lat' dir='ltr'><strong>so</strong></span> 
     </span>
    </p>

    <p class='ocr_par' dir='ltr' id='par_1_28' title="bbox 401 2820 1124 2889">
     <span class='ocr_line' id='line_1_31' title="bbox 401 2820 1124 2889; baseline 0.004 -16"><span class='ocrx_word' id='word_1_202' title='bbox 401 2820 561 2887; x_wconf 86' lang='lat' dir='ltr'><strong>Progeniem</strong></span> <span class='ocrx_word' id='word_1_203' title='bbox 579 2820 712 2888; x_wconf 86' lang='lat' dir='ltr'><strong>nidosque</strong></span> <span class='ocrx_word' id='word_1_204' title='bbox 729 2820 830 2889; x_wconf 87' lang='lat' dir='ltr'><strong>fovent,</strong></span> <span class='ocrx_word' id='word_1_205' title='bbox 848 2822 911 2875; x_wconf 88' lang='lat' dir='ltr'><strong>hinc</strong></span> <span class='ocrx_word' id='word_1_206' title='bbox 928 2826 988 2876; x_wconf 84' lang='lat' dir='ltr'><strong>arte</strong></span> <span class='ocrx_word' id='word_1_207' title='bbox 999 2821 1124 2877; x_wconf 68' lang='lat' dir='ltr'><strong>&#39;recentis</strong></span> 
     </span>
    </p>

    <p class='ocr_par' dir='ltr' id='par_1_29' title="bbox 400 2896 1043 2965">
     <span class='ocr_line' id='line_1_32' title="bbox 400 2896 1043 2965; baseline 0.003 -16"><span class='ocrx_word' id='word_1_208' title='bbox 400 2896 546 2950; x_wconf 80' lang='lat' dir='ltr'><strong>Excudent</strong></span> <span class='ocrx_word' id='word_1_209' title='bbox 565 2913 641 2950; x_wconf 87' lang='lat' dir='ltr'><strong>ceras</strong></span> <span class='ocrx_word' id='word_1_210' title='bbox 660 2899 690 2949; x_wconf 90' lang='lat' dir='ltr'><strong>ct</strong></span> <span class='ocrx_word' id='word_1_211' title='bbox 706 2897 787 2951; x_wconf 87' lang='lat' dir='ltr'><strong>mella</strong></span> <span class='ocrx_word' id='word_1_212' title='bbox 805 2899 912 2952; x_wconf 89' lang='lat' dir='ltr'><strong>tenacia</strong></span> <span class='ocrx_word' id='word_1_213' title='bbox 930 2899 1043 2965; x_wconf 88' lang='lat' dir='ltr'><strong>fingunt.</strong></span> 
     </span>
    </p>

    <p class='ocr_par' dir='ltr' id='par_1_30' title="bbox 400 2972 1110 3029">
     <span class='ocr_line' id='line_1_33' title="bbox 400 2972 1110 3029; baseline 0.004 -3"><span class='ocrx_word' id='word_1_214' title='bbox 400 2972 472 3026; x_wconf 88' lang='lat' dir='ltr'><strong>Hine</strong></span> <span class='ocrx_word' id='word_1_215' title='bbox 490 2973 537 3027; x_wconf 91' lang='lat' dir='ltr'><strong>ubi</strong></span> <span class='ocrx_word' id='word_1_216' title='bbox 553 2974 607 3027; x_wconf 90' lang='lat' dir='ltr'><strong>iarn</strong></span> <span class='ocrx_word' id='word_1_217' title='bbox 627 2975 755 3028; x_wconf 89' lang='lat' dir='ltr'><strong>emissum</strong></span> <span class='ocrx_word' id='word_1_218' title='bbox 773 2975 863 3028; x_wconf 89' lang='lat' dir='ltr'><strong>caveis</strong></span> <span class='ocrx_word' id='word_1_219' title='bbox 880 2974 916 3027; x_wconf 86' lang='lat' dir='ltr'><strong>ad</strong></span> <span class='ocrx_word' id='word_1_220' title='bbox 934 2974 1025 3027; x_wconf 86' lang='lat' dir='ltr'><strong>sidera</strong></span> <span class='ocrx_word' id='word_1_221' title='bbox 1042 2975 1110 3029; x_wconf 89' lang='lat' dir='ltr'><strong>caeli</strong></span> 
     </span>
    </p>

    <p class='ocr_par' dir='ltr' id='par_1_31' title="bbox 400 3049 1132 3121">
     <span class='ocr_line' id='line_1_34' title="bbox 400 3049 1132 3121; baseline 0.004 -19"><span class='ocrx_word' id='word_1_222' title='bbox 400 3049 474 3104; x_wconf 87' lang='lat' dir='ltr'><strong>Nare</strong></span> <span class='ocrx_word' id='word_1_223' title='bbox 491 3068 541 3120; x_wconf 89' lang='lat' dir='ltr'><strong>per</strong></span> <span class='ocrx_word' id='word_1_224' title='bbox 559 3054 693 3106; x_wconf 80' lang='lat' dir='ltr'><strong>aestatem</strong></span> <span class='ocrx_word' id='word_1_225' title='bbox 712 3051 845 3121; x_wconf 88' lang='lat' dir='ltr'><strong>liquidam</strong></span> <span class='ocrx_word' id='word_1_226' title='bbox 863 3052 1016 3121; x_wconf 82' lang='lat' dir='ltr'><strong>suspexeris</strong></span> <span class='ocrx_word' id='word_1_227' title='bbox 1034 3068 1132 3119; x_wconf 86' lang='lat' dir='ltr'><strong>agmen</strong></span> 
     </span>
    </p>

    <p class='ocr_par' dir='ltr' id='par_1_32' title="bbox 400 3125 1256 3197">
     <span class='ocr_line' id='line_1_35' title="bbox 400 3125 1256 3197; baseline 0.007 -19"><span class='ocrx_word' id='word_1_228' title='bbox 400 3125 605 3197; x_wconf 90' lang='lat' dir='ltr'><strong>Obscuramque</strong></span> <span class='ocrx_word' id='word_1_229' title='bbox 622 3127 695 3182; x_wconf 87' lang='lat' dir='ltr'><strong>trahi</strong></span> <span class='ocrx_word' id='word_1_230' title='bbox 713 3132 795 3182; x_wconf 85' lang='lat' dir='ltr'><strong>vento</strong></span> <span class='ocrx_word' id='word_1_231' title='bbox 814 3129 949 3181; x_wconf 84' lang='lat' dir='ltr'><strong>mirabere</strong></span> <span class='ocrx_word' id='word_1_232' title='bbox 966 3128 1073 3194; x_wconf 90' lang='lat' dir='ltr'><strong>nubem,</strong></span> <span class='ocrx_word' id='word_1_233' title='bbox 1230 3145 1256 3184; x_wconf 89' lang='lat' dir='ltr'><strong>so</strong></span> 
     </span>
    </p>

    <p class='ocr_par' dir='ltr' id='par_1_33' title="bbox 400 3201 1135 3275">
     <span class='ocr_line' id='line_1_36' title="bbox 400 3201 1135 3275; baseline 0.007 -21"><span class='ocrx_word' id='word_1_234' title='bbox 400 3201 618 3273; x_wconf 80' lang='lat' dir='ltr'><strong>Contemplator:</strong></span> <span class='ocrx_word' id='word_1_235' title='bbox 639 3223 723 3275; x_wconf 86' lang='lat' dir='ltr'><strong>aquas</strong></span> <span class='ocrx_word' id='word_1_236' title='bbox 743 3205 830 3259; x_wconf 88' lang='lat' dir='ltr'><strong>dulcis</strong></span> <span class='ocrx_word' id='word_1_237' title='bbox 848 3208 878 3259; x_wconf 89' lang='lat' dir='ltr'><strong>et</strong></span> <span class='ocrx_word' id='word_1_238' title='bbox 894 3205 1009 3258; x_wconf 87' lang='lat' dir='ltr'><strong>frondea</strong></span> <span class='ocrx_word' id='word_1_239' title='bbox 1026 3222 1135 3275; x_wconf 89' lang='lat' dir='ltr'><strong>semper</strong></span> 
     </span>
    </p>

    <p class='ocr_par' dir='ltr' id='par_1_34' title="bbox 399 3277 1149 3352">
     <span class='ocr_line' id='line_1_37' title="bbox 399 3277 1149 3352; baseline 0.007 -22"><span class='ocrx_word' id='word_1_240' title='bbox 399 3277 547 3334; x_wconf 77' lang='lat' dir='ltr'><strong>&#39;Pectat</strong></span> <span class='ocrx_word' id='word_1_241' title='bbox 498 3298 534 3350; x_wconf 93' lang='lat' dir='ltr'><strong>pe</strong></span> <span class='ocrx_word' id='word_1_242' title='bbox 535 3284 606 3338; x_wconf 89' lang='lat' dir='ltr'><strong>t.unt</strong></span> <span class='ocrx_word' id='word_1_243' title='bbox 642 3282 736 3336; x_wconf 88' lang='lat' dir='ltr'><strong>Huct</strong></span> <span class='ocrx_word' id='word_1_244' title='bbox 724 3285 755 3336; x_wconf 90' lang='lat' dir='ltr'><strong>tu</strong></span> <span class='ocrx_word' id='word_1_245' title='bbox 771 3283 859 3336; x_wconf 90' lang='lat' dir='ltr'><strong>iussos</strong></span> <span class='ocrx_word' id='word_1_246' title='bbox 878 3282 1012 3352; x_wconf 81' lang='lat' dir='ltr'><strong>adsperge</strong></span> <span class='ocrx_word' id='word_1_247' title='bbox 1030 3298 1149 3350; x_wconf 86' lang='lat' dir='ltr'><strong>sapores,</strong></span> 
     </span>
    </p>

    <p class='ocr_par' dir='ltr' id='par_1_35' title="bbox 359 3352 1280 3584">
     <span class='ocr_line' id='line_1_38' title="bbox 396 3352 1141 3429; baseline 0.011 -26"><span class='ocrx_word' id='word_1_248' title='bbox 396 3352 472 3405; x_wconf 72' lang='lat' dir='ltr'><strong>Trita</strong></span> <span class='ocrx_word' id='word_1_249' title='bbox 488 3358 661 3429; x_wconf 81' lang='lat' dir='ltr'><strong>melisphylla</strong></span> <span class='ocrx_word' id='word_1_250' title='bbox 679 3361 708 3413; x_wconf 92' lang='lat' dir='ltr'><strong>et</strong></span> <span class='ocrx_word' id='word_1_251' title='bbox 727 3359 866 3414; x_wconf 84' lang='lat' dir='ltr'><strong>cerinthae</strong></span> <span class='ocrx_word' id='word_1_252' title='bbox 884 3358 1002 3427; x_wconf 89' lang='lat' dir='ltr'><strong>ignobile</strong></span> <span class='ocrx_word' id='word_1_253' title='bbox 1019 3375 1141 3427; x_wconf 87' lang='lat' dir='ltr'><strong>gramen,</strong></span> 
     </span>
     <span class='ocr_line' id='line_1_39' title="bbox 376 3424 1179 3525; baseline 0.013 -48"><span class='ocrx_word' id='word_1_254' title='bbox 376 3424 565 3499; x_wconf 62' lang='lat' dir='ltr'><strong>nantesque</strong></span> <span class='ocrx_word' id='word_1_255' title='bbox 583 3437 627 3490; x_wconf 86' lang='lat' dir='ltr'><strong>cie</strong></span> <span class='ocrx_word' id='word_1_256' title='bbox 646 3440 676 3492; x_wconf 88' lang='lat' dir='ltr'><strong>et</strong></span> <span class='ocrx_word' id='word_1_257' title='bbox 696 3437 801 3493; x_wconf 89' lang='lat' dir='ltr'><strong>Matris</strong></span> <span class='ocrx_word' id='word_1_258' title='bbox 820 3440 907 3510; x_wconf 87' lang='lat' dir='ltr'><strong>quate</strong></span> <span class='ocrx_word' id='word_1_259' title='bbox 924 3435 1081 3525; x_wconf 68' lang='lat' dir='ltr'><strong>cymbala</strong></span> <span class='ocrx_word' id='word_1_260' title='bbox 1064 3451 1179 3487; x_wconf 69' lang='lat' dir='ltr'><strong>sinesin</strong></span> 
     </span>
     <span class='ocr_line' id='line_1_40' title="bbox 359 3490 1280 3584; baseline 0.002 -23"><span class='ocrx_word' id='word_1_261' title='bbox 359 3490 448 3581; x_wconf 63' lang='grc' dir='ltr'><em>ῙΡξᾱθ</em></span> <span class='ocrx_word' id='word_1_262' title='bbox 466 3511 624 3568; x_wconf 76' lang='lat' dir='ltr'><strong>consident</strong></span> <span class='ocrx_word' id='word_1_263' title='bbox 643 3518 802 3573; x_wconf 87' lang='lat' dir='ltr'><strong>medicatis</strong></span> <span class='ocrx_word' id='word_1_264' title='bbox 822 3512 972 3584; x_wconf 79' lang='lat' dir='ltr'><strong>sedibus,</strong></span> <span class='ocrx_word' id='word_1_265' title='bbox 965 3526 1047 3580; x_wconf 76' lang='lat' dir='ltr'><strong>ipsae</strong></span> <span class='ocrx_word' id='word_1_266' title='bbox 1251 3521 1280 3558; x_wconf 64' lang='lat' dir='ltr'><strong>to</strong></span> 
     </span>
    </p>

    <p class='ocr_par' dir='ltr' id='par_1_36' title="bbox 433 3586 1148 3659">
     <span class='ocr_line' id='line_1_41' title="bbox 433 3586 1148 3659; baseline 0.025 -30"><span class='ocrx_word' id='word_1_267' title='bbox 433 3591 455 3629; x_wconf 82' lang='lat' dir='ltr'><strong>a</strong></span> <span class='ocrx_word' id='word_1_268' title='bbox 471 3594 562 3641; x_wconf 84' lang='lat' dir='ltr'><strong>more</strong></span> <span class='ocrx_word' id='word_1_269' title='bbox 581 3605 642 3648; x_wconf 85' lang='lat' dir='ltr'><strong>suo</strong></span> <span class='ocrx_word' id='word_1_270' title='bbox 660 3610 734 3653; x_wconf 87' lang='lat' dir='ltr'><strong>sese</strong></span> <span class='ocrx_word' id='word_1_271' title='bbox 750 3597 786 3653; x_wconf 86' lang='lat' dir='ltr'><strong>in</strong></span> <span class='ocrx_word' id='word_1_272' title='bbox 808 3592 961 3653; x_wconf 71' lang='lat' dir='ltr'><strong>emanue</strong></span> <span class='ocrx_word' id='word_1_273' title='bbox 978 3586 1148 3659; x_wconf 71' lang='lat' dir='ltr'><strong>eendent</strong></span> 
     </span>
    </p>
   </div>
   <div class='ocr_carea' id='block_1_3' title="bbox 0 0 1626 4159">
    <p class='ocr_par' dir='ltr' id='par_1_37' title="bbox 0 0 1626 4159">
     <span class='ocr_line' id='line_1_42' title="bbox 0 0 1626 4159; baseline 0 3"><span class='ocrx_word' id='word_1_274' title='bbox 0 0 1626 4159; x_wconf 95' lang='lat' dir='ltr'><strong> </strong></span> 
     </span>
    </p>
   </div>
  </div>
 </body>
</html>
