3242 4159
349 528 379 577 lo
582 523 611 573 P.
630 521 784 571 VERGILI
802 519 969 570 MARONIS

348 602 502 661 Solstitium
519 601 611 669 pecori
630 599 788 667 defendite;
806 601 861 654 iam
879 600 955 655 venit
972 604 1063 657 aestas
1091 598 1096 603 ’
1148 617 1151 622 ·
1180 602 1184 608 “

348 679 470 747 Forrida,
488 680 543 731 iam
560 678 632 731 laeto
651 681 764 745 turgent
781 678 810 729 in
827 677 940 745 palmite
957 696 1089 746 gemmae.

352 759 382 813 Τ.
402 758 456 810 Hic
474 756 548 809 loeus
566 759 595 808 et
611 754 710 807 taedae
728 756 850 824 pingues,
868 754 912 808 hic
928 755 1060 823 plurimus
1077 760 1149 827 ignis

348 836 469 903 Semper,
487 838 516 887 et
534 831 649 885 axlsidua
669 838 761 901 postes
779 832 893 902 fuligine
911 832 983 899 nigri
993 855 1000 899 3
1177 854 1204 893 ω

348 912 403 966 Hic
420 916 528 965 tantum
547 911 652 965 Boreae
670 929 795 967 curamus
813 912 922 979 frigora,
941 915 1074 979 quantum

348 991 407 1044 Aut
424 1004 567 1042 numerum
585 987 672 1060 lupus,
692 993 740 1043 aut
758 991 892 1045 horrentia
909 989 1021 1042 flumina
1038 990 1120 1057 ripas.

383 1065 410 1119 C.
429 1064 511 1118 Stant
529 1067 558 1118 et
577 1066 694 1135 iuniperi
712 1072 742 1121 et
760 1071 902 1121 castaneae
921 1068 1042 1123 hirsutae
1052 1088 1059 1133 3

346 1142 440 1196 Strata
457 1141 546 1196 iacent
563 1143 665 1210 passim
683 1161 732 1198 sua
750 1162 859 1213 quaque
877 1144 929 1198 sub
945 1145 1042 1198 arbore
1060 1160 1142 1212 poma
1151 1166 1159 1211 ;

346 1218 444 1273 Omnia
461 1236 532 1273 nunc
549 1219 658 1286 rident;
676 1226 705 1275 at
722 1222 745 1275 si
763 1222 897 1274 formosus
915 1221 1012 1274 Alexis
1176 1237 1202 1275 5⁵

345 1294 487 1350 Montibus
504 1296 547 1350 his
565 1296 653 1364 abeat,
673 1297 767 1351 videas
786 1300 816 1351 et
834 1296 946 1349 flumina
964 1297 1041 1351 sicea.

349 1371 381 1426 Τ.
400 1374 471 1427 Aret
488 1390 570 1441 ager;
588 1375 654 1427 vitio
672 1374 790 1428 moriens
809 1373 869 1427 sitit
887 1373 958 1427 aeris
974 1372 1078 1439 herba;

345 1447 429 1502 Liber
445 1451 603 1517 pampineas
620 1450 718 1503 invidit
735 1450 850 1504 collibus
867 1449 994 1504 umbras:

345 1524 477 1593 Phyllidis
493 1525 614 1581 adventu
630 1530 742 1582 nostrae
758 1545 854 1581 nemus
872 1543 951 1579 omne
969 1525 1077 1594 virebit,

344 1600 471 1670 Iuppiter
488 1606 517 1657 et
534 1603 608 1657 laeto
625 1603 774 1657 descendet
791 1604 923 1670 plurimus
941 1600 1030 1654 imbri.
1175 1616 1202 1657 eo

333 1704 336 1710 ’
379 1678 407 1732 O.
426 1678 546 1748 Populus
567 1680 681 1734 Alcidae
699 1679 863 1747 gratissima,
881 1678 945 1731 vitis
964 1676 1069 1744 Iaccho,

343 1752 489 1809 Formosae
507 1761 611 1825 myrtus
631 1756 740 1823 Veneri,
760 1772 808 1809 sua
826 1756 919 1809 laurea
937 1751 1068 1818 Phocbe;

343 1828 444 1898 Phyllis
462 1838 536 1886 aurat
553 1834 673 1901 corylos3
690 1834 750 1887 illas
769 1833 836 1886 dum
856 1832 958 1899 Phyllis
975 1828 1088 1894 amabit,

342 1905 402 1961 Nec
418 1914 522 1976 myrtus
541 1910 631 1963 lineet
649 1911 760 1978 corylos,
777 1926 828 1963 nec
845 1908 938 1961 laurea
956 1904 1069 1959 Phoebi.

346 1982 375 2037 T.
394 1983 528 2037 Fraxinus
545 1985 572 2037 in
589 1984 663 2037 silvis
680 1985 869 2053 pulcherrima,
887 1984 966 2051 pinus
984 1983 1012 2035 ln
1029 1980 1197 2050 hertiaas

342 2058 487 2127 Populus
479 2077 507 2113 ιιι
524 2060 621 2126 fluviis,
640 2060 740 2114 abies
732 2078 761 2115 m
778 2059 917 2117 montibus
934 2058 1017 2123 altis3
1069 2108 1071 2113 .

342 2134 456 2204 Saepius
473 2139 502 2189 at
520 2136 543 2191 si
561 2154 614 2204 me,
632 2136 735 2205 Lycida
752 2138 878 2201 formose,
897 2135 1009 2199 revisas,

342 2210 502 2266 Fraxinus
493 2230 521 2265 m
540 2214 614 2267 silvis
632 2212 713 2267 cedat
730 2212 788 2279 tibi,
807 2214 888 2280 pinus
904 2212 933 2264 in
950 2209 1044 2263 hortis

372 2285 414 2341 M
435 2288 511 2343 llaec
528 2289 648 2355 memini,
666 2293 695 2341 et
712 2289 815 2342 victum
832 2288 935 2341 frustra
951 2284 1118 2339 contendere

409 2362 540 2431 Thyrsim

340 2434 383 2489 Ex
400 2436 447 2491 illo
465 2438 591 2508 Corydon
609 2438 734 2507 Corydon
753 2442 826 2492 estt
827 2454 937 2506 empore
955 2436 1040 2492 nobis.

1184 3214 1296 3459 Bi

611 2603 697 2660 nei
703 2603 799 2659 OGA
824 2602 920 2661 VIII.

604 2714 932 2763 PHARMAOEUTRIA

592 2818 698 2857 namon
723 2818 939 2858 xmnnsmouus

340 2895 495 2949 Passerem
512 2896 621 2949 Musam
640 2897 768 2950 Damonis
786 2902 815 2952 et
834 2897 1020 2966 Alphesiboei,

340 2970 479 3024 Inmemor
496 2970 643 3024 herbarum
661 2989 729 3041 quos
748 2976 790 3027 est
808 2974 932 3027 mirata
925 2991 1038 3033 iuvenca

340 3046 485 3114 (lamentis,
503 3063 619 3116 quorum
638 3049 806 3116 stupefactae
826 3050 945 3103 carmine
962 3050 1073 3119 lynces,

340 3122 376 3175 ut
394 3126 501 3177 mutata
518 3139 581 3176 suos
598 3126 760 3191 requierunt
777 3125 889 3178 flumina
906 3142 1008 3192 cursus,

340 3197 470 3252 Damonis
488 3200 596 3252 Musam
615 3200 736 3255 dicemus
755 3206 783 3256 et
804 3201 991 3270 Alphesiboei.

372 3274 412 3324 Fu
429 3275 497 3327 mihi
515 3294 563 3330 seu
582 3278 674 3345 magni
692 3295 804 3346 superas
822 3278 876 3330 iam
896 3294 961 3330 saxa
979 3275 1092 3344 Timavi,

327 3341 386 3394 §liro
404 3364 483 3401 oram
503 3352 611 3419 Illyrici
629 3354 700 3423 legis
719 3355 858 3424 aequeris,
875 3371 912 3407 eu
928 3354 983 3406 erit
996 3367 1130 3418 umquam

327 3412 361 3465 He
379 3419 452 3489 dies,
475 3428 547 3481 mihi
568 3449 634 3487 cum
654 3433 743 3489 liceat
761 3436 814 3487 tua
833 3432 930 3486 dicere
945 3429 1042 3483 iaetal

327 3494 422 3561 'etit
444 3504 483 3554 ut
501 3504 594 3564 liceat
582 3513 716 3568 ttotum
736 3510 814 3566 mihi
831 3509 914 3564 ierre
930 3522 984 3576 per
1003 3501 1107 3555 01¹⁰tam

327 3572 343 3610 ²
363 3566 546 3637 8ΟΡῙὶοιιΙθο
567 3589 624 3643 tua
646 3590 787 3646 carmina
807 3588 904 3659 digna.
921 3576 1088 3639 eounmol
1221 3582 1254 3620 P
