3242 4159
396 527 427 575 58
624 526 654 574 Ρ.
674 520 828 572 VERGILI
851 523 1019 573 MARONIS

394 604 604 671 victoriatum,
622 619 691 671 quos
709 602 801 655 amisit
819 603 928 670 inultus,
946 620 1068 669 amores;

393 680 430 733 lit
448 679 556 734 stabula
573 679 736 746 adspectans
754 679 846 745 regnis
864 680 982 733 excessit
999 680 1087 734 avitis

393 756 466 822 Ergo
485 753 558 807 omni
576 771 641 807 eura
658 754 724 808 viris
742 758 861 820 exercet,
881 758 910 808 et
927 755 1000 809 inter

393 831 469 884 Dura
486 830 557 883 iacet
574 845 678 899 pernox
696 830 813 882 instrato
832 846 897 882 saxa
915 830 1004 898 cubili,
1213 848 1250 888 aas

393 906 548 961 Frondibus
565 906 679 959 hirsutis
698 909 727 959 et
744 906 832 959 carice
849 909 945 973 pastus
962 911 1048 975 acuta,

392 984 429 1037 Et
446 986 566 1051 temptat
584 998 651 1049 sese,
670 984 754 1050 atque
772 982 852 1035 irasci
869 982 897 1035 in
916 999 1016 1037 cornua
1034 983 1116 1037 discit

393 1059 510 1113 Arboris
529 1058 643 1111 obnixus
661 1061 765 1125 trunco,
785 1046 935 1126 ventosque
952 1058 1062 1113 lacessit

393 1134 506 1202 Ictibus,
524 1136 554 1188 et
571 1150 665 1202 sparsa
683 1134 719 1186 ad
736 1150 856 1202 pugnam
873 1134 996 1202 proludit
1013 1152 1103 1189 arena.

392 1211 466 1277 Post,
485 1210 532 1264 ubi
550 1210 694 1263 collectum
712 1210 795 1263 robur
813 1210 941 1278 viresque
959 1212 1087 1280 relectae,
1211 1228 1248 1266 ars

392 1288 475 1356 Signa
493 1290 589 1352 movet,
607 1299 793 1355 praecepsque
811 1285 928 1338 oblitum
945 1287 1035 1340 fertur
1051 1288 1080 1340 in
1097 1289 1206 1342 hostem
1215 1310 1222 1354 ;

392 1364 504 1417 Fluctus
522 1363 563 1416 uti
581 1362 671 1416 medio
690 1364 779 1431 coepit
796 1379 858 1414 eum
877 1361 1016 1416 albescere
1033 1367 1117 1432 ponto

392 1440 518 1508 Longius,
537 1456 571 1493 ex
589 1439 700 1507 altoque
718 1440 806 1491 sinum
824 1438 924 1504 trahit;
941 1442 1028 1507 utque
1045 1440 1155 1493 volutus

391 1518 439 1571 Ad
456 1520 545 1569 terras
562 1516 670 1569 inmane
688 1518 766 1568 sonat
783 1531 834 1583 per
852 1531 924 1582 saxa,
941 1531 1032 1583 neque
1050 1516 1108 1584 ipso
1209 1539 1212 1543 ⁴

391 1592 486 1646 Monte
504 1591 591 1645 minor
608 1591 777 1659 procumbit;
795 1594 825 1644 at
842 1591 896 1643 ima
914 1593 1058 1644 exaestuat
1074 1591 1150 1645 unda
1208 1607 1246 1649 aro

390 1668 555 1736 Verticibus,
573 1668 733 1736 nigramque
751 1666 806 1720 alte
825 1666 962 1720 subiectat
980 1683 1099 1721 arenam.

425 1745 511 1799 Omne
524 1745 592 1798 adeo
604 1760 691 1813 genus
703 1744 730 1796 in
747 1744 830 1797 terris
847 1743 1042 1810 hominumque
1060 1744 1245 1813 ferarumque,

390 1821 427 1876 Et
445 1838 529 1889 genus
547 1837 720 1890 aequoreum,
739 1820 867 1888 pecudes,
885 1819 1029 1887 pictaeque
1047 1820 1179 1885 volucres,

390 1897 425 1951 In
443 1898 526 1950 furias
544 1898 690 1964 ignemque
708 1899 798 1950 ruunt.
836 1898 923 1949 Amor
940 1895 1065 1948 omnibus
1082 1896 1165 1949 idem.

390 1973 522 2040 Tempore
541 1989 593 2026 non
613 1973 664 2025 alio
682 1973 835 2025 catulorum
853 1972 939 2025 oblita
956 1972 1051 2024 leaena
1071 2013 1083 2023 κ
1207 1988 1244 2027 aas

390 2049 501 2103 Saevior
519 2049 621 2102 erravit
638 2050 748 2117 euripis,
767 2065 818 2101 neo
835 2048 932 2101 funera
949 2048 1028 2115 volgo

390 2125 457 2178 'lam
474 2124 560 2177 multa
577 2124 706 2177 informes
723 2124 780 2177 ursi
799 2127 974 2191 stragemque
992 2124 1095 2177 dedere

390 2200 444 2254 Per
462 2201 557 2266 silvas3
575 2202 636 2252 tum
655 2216 751 2253 saevus
768 2216 842 2268 aper,
861 2204 920 2253 tum
938 2200 1056 2267 pessima
1072 2200 1169 2267 tigris3

391 2278 461 2344 Heu,
480 2278 628 2331 maletum
647 2276 748 2344 Libyae
766 2275 830 2329 solis
849 2279 957 2330 erratur
974 2277 1002 2328 in
1019 2275 1099 2343 agris.

389 2353 416 2406 N
417 2370 488 2407 onne
505 2352 589 2420 vides,
608 2353 639 2405 ut
657 2355 717 2406 tota
735 2356 839 2406 tremor
856 2355 1027 2421 pertemptet
1044 2366 1178 2419 equorum
1207 2368 1244 2406 aso

390 2430 518 2499 Corpora,
537 2429 559 2483 si
578 2432 686 2483 tantum
703 2433 781 2482 notas
800 2428 867 2481 odor
885 2428 981 2481 attulit
998 2428 1095 2482 aurasl

390 2498 433 2559 A'c
449 2523 539 2575 neque
557 2522 603 2559 eos
621 2507 675 2558 iam
693 2506 770 2559 frena
787 2506 883 2572 virum,
901 2520 991 2571 neque
1008 2504 1124 2557 verbera
1141 2520 1230 2572 saeva,

389 2582 451 2635 Non
470 2582 571 2650 scopuli
589 2597 726 2650 rupesque
745 2598 827 2634 carae
845 2584 930 2649 atque
948 2579 1055 2634 obiecta
1072 2583 1219 2636 retardant

389 2656 523 2723 Flumina,
542 2660 734 2725 correptosque
752 2658 826 2709 unda
844 2657 1003 2725 torquentia
1020 2658 1127 2711 montis.

389 2733 455 2800 Ipse
473 2733 530 2785 ruit
547 2732 700 2799 dentesque
721 2731 869 2785 Sabellicus
889 2734 996 2786 exacuit
1014 2750 1071 2804 sus,
1207 2750 1245 2789 aas

389 2807 425 2863 lit
442 2809 513 2877 pede
531 2807 685 2876 prosubigit
704 2811 814 2874 terram,
835 2808 916 2861 fricat
935 2810 1032 2863 arbore
1050 2815 1148 2880 costas,

389 2885 484 2954 Atque
505 2884 568 2937 hinc
586 2888 671 2952 atquo
688 2884 761 2938 illino
779 2884 907 2939 humeros
926 2886 962 2939 ad
980 2888 1091 2940 volnera
1109 2886 1199 2942 durat

390 2962 461 3027 Quid
479 2960 591 3025 iuvenis,
610 2976 739 3029 magnum
758 2962 801 3014 oui
820 2964 959 3017 versatio
978 2964 1085 3017 ossibus
1103 2964 1197 3030 ignem

388 3038 480 3092 Durus
498 3039 589 3092 amori
625 3037 652 3090 N
655 3054 733 3106 cmpc
753 3038 879 3106 abruptis
898 3041 1012 3094 turbata
1030 3041 1156 3108 procellis

388 3114 476 3169 Nocte
493 3118 572 3168 natat
590 3131 670 3169 caeca
688 3131 764 3168 serus
782 3116 870 3181 freta;
888 3134 971 3183 quem
989 3133 1072 3184 super
1088 3116 1186 3183 ingens
1208 3131 1246 3171 aaa

388 3190 472 3245 Porta
490 3195 568 3245 tonat
586 3192 661 3261 caeli,
681 3196 709 3247 et
727 3193 844 3262 scopulis
862 3193 943 3245 inlisa
960 3193 1110 3247 reclamant

388 3266 533 3335 Aequora;
551 3286 602 3323 nec
619 3270 712 3323 miseri
730 3272 847 3339 possunt
865 3286 993 3323 revocare
1010 3274 1149 3338 parentes,

386 3340 413 3392 N
415 3358 445 3394 ec
462 3345 595 3399 moritura
612 3361 694 3415 super
712 3346 816 3400 crudeli
835 3346 931 3399 funere
950 3347 1033 3413 virgo.

371 3413 449 3473 Ouid
460 3419 559 3485 huces
574 3422 680 3479 Bacchi
701 3424 795 3480 variae
814 3426 844 3479 et
862 3439 951 3492 genus
968 3438 1032 3474 acre
1042 3421 1176 3486 luporum

344 3484 454 3568 §ique
471 3500 598 3553 eanum?
617 3502 700 3574 quid,
722 3520 799 3576 quae
818 3500 941 3562 inbelles
960 3498 1032 3551 mi
1045 3495 1157 3561 blm
1171 3498 1262 3544 iffi*

344 3556 455 3616 crocet
469 3574 549 3625 ante
566 3579 669 3634 omnis
690 3582 778 3637 furor
801 3585 849 3637 est
868 3575 998 3646 insignis
1013 3583 1177 3639 <immi
1243 3579 1287 3613 Ἣ
