3242 4159
615 483 618 492 ’
655 518 841 568 anumoos
856 483 928 569 nris.
945 517 968 567 1.

385 599 513 671 'higinio
529 613 644 669 magnos
659 598 801 653 volvendis
819 597 958 652 mensibus
976 596 1049 651 crhis

387 677 501 747 Inperio
518 675 649 743 explebit,
666 692 838 743 regnumque
855 676 890 729 ab
908 674 974 727 sede
993 674 1088 727 Lavini

388 752 555 817 Transieret,
573 754 603 806 et
620 751 728 819 longam
745 753 833 806 multa
850 752 876 805 vi
894 752 1000 804 muniet
1018 751 1127 809 Albam.

389 829 447 884 Hie
462 829 519 882 iam
535 832 579 882 ter
597 830 707 880 centum
725 831 800 881 totos
817 827 976 895 regnabitur
994 844 1077 880 annos

390 906 482 960 Gente
500 904 552 957 sub
571 904 717 971 Hectorea,
736 903 823 958 donee
841 904 935 970 regina
954 902 1080 956 sacerdos

389 981 484 1035 Marte
500 980 591 1048 gravis
607 979 743 1046 gemmam
761 985 844 1049 partu
862 979 939 1032 dabit
959 980 1011 1033 Ilia
1028 980 1140 1048 prolem.

337 1091 364 1112 ·...
390 1057 464 1112 Inde
481 1055 562 1125 lupae
580 1055 653 1108 solvo
670 1056 784 1109 nutricis
801 1056 923 1124 tegmine
941 1057 1030 1110 laetus

391 1131 526 1186 Romulus
544 1132 661 1200 excipiet
679 1135 796 1199 gentem,
816 1136 845 1184 et
863 1132 1000 1186 Mavortia
1017 1133 1118 1186 condet

390 1209 504 1263 Moenia
522 1208 712 1275 Romanosque
730 1224 779 1261 suo
798 1207 834 1260 de
852 1208 959 1261 nomine
977 1209 1058 1262 dicct.

392 1286 447 1339 His
465 1302 516 1353 ego
533 1301 584 1338 nec
602 1287 689 1337 metas
706 1300 799 1337 rorum
816 1300 867 1337 nec
885 1288 1008 1351 tempora
1025 1301 1112 1352 pono;

392 1362 536 1430 inperium
554 1360 612 1414 sine
630 1360 684 1413 fine
702 1360 774 1413 dedi.
814 1360 885 1425 Quin
902 1377 999 1428 aspera
1018 1360 1095 1426 Iuno,

392 1437 471 1501 Quae
483 1453 559 1490 mare
571 1453 642 1489 nunc
652 1439 796 1504 terresque
808 1440 885 1488 metu
897 1437 1056 1503 caelumque
1067 1435 1174 1503 fatigat,
1209 1447 1246 1483 aso

393 1513 514 1566 Consilia
531 1512 559 1565 iu
576 1511 675 1564 melius
692 1512 800 1579 referet,
820 1529 980 1581 mecumque
998 1512 1101 1565 fovebit

393 1588 540 1654 Romanos,
559 1605 651 1641 rerum
670 1587 800 1655 dominos,
817 1592 983 1656 gentemque
1000 1592 1130 1656 togatam.

394 1665 440 1718 stc
456 1664 595 1733 placitum.
631 1664 733 1717 Veniet
750 1664 845 1718 lustris
862 1664 1017 1718 labentibus
1035 1668 1118 1729 aetas,

395 1740 466 1794 Cum
484 1739 580 1793 domus
599 1740 728 1793 Assaraci
747 1740 876 1793 Phthiam
894 1739 1034 1807 clarasque
1052 1740 1181 1805 Mycenas

394 1816 514 1870 Servitio
531 1819 639 1884 premet
657 1832 688 1868 ac
706 1816 784 1869 victis
802 1815 988 1868 dominabitur
1007 1815 1098 1882 Argis.
1211 1827 1248 1863 ass

358 1883 392 1932 ‘7²'
395 1892 533 1946 Nascetur
550 1891 664 1960 pulchra
682 1891 814 1944 Troianus
832 1891 936 1958 origine
955 1891 1062 1957 Caesar,

396 1967 540 2036 Inperium
558 1967 675 2034 Oceano,
692 1967 792 2020 sarnam
813 1968 860 2035 qui
879 1967 1009 2020 terminet
1027 1967 1116 2032 astris,

397 2043 494 2111 lulius,
511 2059 529 2096 a
546 2059 645 2110 magno
663 2042 813 2096 demissum
830 2061 930 2097 nomen
949 2044 1016 2097 Iulo.

397 2119 482 2173 Hunc
500 2123 531 2173 tu
549 2118 613 2173 clim
631 2120 713 2187 caelo,
732 2119 825 2187 spoliis
844 2120 964 2173 Orientis
982 2123 1117 2186 onustum,

397 2195 527 2264 Accipies
545 2211 654 2260 secura3
672 2195 814 2248 vocabitur
831 2196 875 2249 hic
892 2213 1001 2264 quoquc
1019 2196 1096 2249 votis.
1214 2206 1251 2244 reo

398 2273 509 2342 Aspera
527 2276 587 2326 tum
604 2273 701 2341 positis
718 2272 863 2327 mitescent
881 2273 990 2326 saecula
1007 2272 1100 2336 bellis;

398 2349 476 2403 Cana
493 2349 586 2416 Fides,
605 2353 634 2402 et
652 2349 746 2415 Vesta,
766 2349 932 2402 homocum
951 2349 1038 2401 fratre
1057 2348 1194 2411 Quirinus,

399 2426 468 2479 Iura
486 2424 606 2490 dabunt3
624 2425 700 2478 dirae
718 2425 790 2478 ferro
809 2428 838 2477 et
857 2424 1021 2492 conpagibus
1039 2423 1107 2475 artis

400 2501 572 2555 Claudcntur
589 2500 660 2554 Belli
677 2506 789 2569 porta03
808 2501 897 2553 Furor
914 2499 1013 2566 impius
1032 2498 1105 2550 intus

400 2580 490 2630 Saeva
502 2577 601 2631 sedens
614 2594 695 2645 super
707 2594 783 2630 erma
795 2582 824 2631 et
836 2579 947 2629 centum
959 2574 1066 2627 vinctus
1078 2572 1153 2626 aenis
1217 2586 1254 2624 roo

400 2653 471 2706 Post
488 2655 596 2720 tergum
614 2653 693 2706 nodis
710 2654 809 2706 fremet
827 2652 954 2705 horridus
972 2667 1019 2704 oro
1036 2653 1156 2703 cruento.

438 2728 516 2782 Haec
533 2729 580 2797 ait,
598 2733 628 2783 ot
645 2728 719 2782 Maia
735 2731 859 2796 genitum
877 2728 1000 2782 demittit
1018 2726 1053 2780 ab
1070 2726 1133 2794 alto,

399 2805 444 2860 Ut
461 2809 561 2870 terrae,
578 2810 665 2875 utque
683 2823 768 2859 novae
786 2808 900 2875 pateant
919 2804 1097 2871 Karthaginis
1114 2819 1191 2856 arces

400 2882 534 2950 Hospitio
552 2883 670 2948 Teucris,
688 2899 724 2936 ue
741 2882 791 2935 fati
809 2882 900 2935 nescia
918 2881 991 2935 Dido

401 2958 518 3012 Finibus
534 2963 649 3013 arceret.
684 2958 768 3011 Volat
786 2958 832 3011 ille
849 2974 900 3026 per
917 2973 981 3011 aera
998 2972 1125 3024 magnum
1220 2966 1256 3003 soo

402 3034 531 3102 Remigio
548 3035 660 3101 alarum,
679 3051 710 3087 ac
728 3034 830 3101 Libyae
848 3034 919 3087 citus
937 3034 1047 3087 adstitit
1065 3030 1125 3084 oris.

402 3109 515 3165 Etiam
532 3111 606 3165 iussa
623 3111 696 3178 iacit,
713 3114 875 3179 ponuntque
893 3109 994 3163 ferocia
1013 3106 1097 3161 Poeni

403 3186 497 3242 Corde
513 3187 620 3241 volente
639 3187 706 3253 de0;
723 3188 752 3240 iu
769 3186 865 3255 primis
882 3185 977 3253 regina
995 3184 1117 3252 quietum

404 3262 518 3332 Accipit
535 3263 563 3316 in
581 3264 700 3317 Teucros
719 3264 839 3316 animum
858 3265 1033 3325 mentemque
1051 3255 1204 3321 benignam.

338 3343 341 3350 '
405 3357 415 3364 ’
441 3339 484 3394 At
499 3339 562 3408 pius
581 3341 698 3406 Aeneas,
715 3356 766 3407 per
784 3342 892 3391 noctem
909 3336 1027 3403 plurima
1044 3331 1160 3398 volvens,
1222 3345 1258 3383 305

404 3413 448 3470 Ut
463 3415 582 3482 primum
599 3416 648 3468 lux
664 3416 736 3469 alme
755 3415 822 3470 data
840 3416 891 3483 est,
911 3411 989 3467 exiro
1004 3411 1139 3480 iocosque

394 3489 550 3554 Explorate
564 3506 657 3559 noros,
678 3509 749 3562 quas
768 3496 856 3549 vento
874 3492 1031 3548 accesserit
1050 3505 1127 3555 oras,

383 3560 442 3619 0111'
457 3563 579 3630 teneant,
598 3582 665 3621 nam
684 3570 797 3628 inculte
816 3572 914 3644 videt,
932 3572 1112 3628 hominesne
1129 3566 1269 3623 ruviene,
