3242 4159
612 797 642 848 Ρ.
659 790 814 848 venem
831 782 1016 851 MARONIS'

581 939 1105 1075 AENEinos'

675 1152 793 1208 LIBER
815 1153 951 1210 NONUS.

749 1326 849 1354 ——e—

388 1450 487 1511 Arena
506 1469 539 1507 ea
556 1454 664 1507 diversa
680 1454 791 1522 penitus
808 1454 874 1508 dum
890 1459 970 1524 parte
987 1460 1131 1528 geruntur,

388 1525 455 1578 Irim
474 1529 510 1583 de
526 1529 602 1582 coelo
619 1530 695 1582 misit
713 1530 842 1583 Saturnia
861 1531 931 1583 Iuno

388 1602 530 1658 Audacem
547 1604 583 1658 ed
602 1605 731 1659 Turnum.
767 1606 841 1659 Luco
858 1610 918 1660 tum
936 1607 1008 1660 forte
1025 1612 1152 1677 parentis

388 1678 507 1732 Pilumni
526 1680 633 1735 Turnus
651 1685 757 1736 sacrata
773 1681 845 1735 valle
863 1681 985 1736 sedebat

388 1754 436 1807 Ad
454 1772 536 1823 quem
554 1757 593 1811 sic
610 1774 689 1811 roseo
708 1757 904 1811 Thaumantias
922 1774 970 1810 ore
987 1758 1079 1813 locuta
1096 1764 1157 1816 est:
1225 1778 1238 1818 s
1279 1822 1282 1830 ,

387 1829 486 1899 Turno,
504 1833 579 1901 quod
596 1834 703 1901 optanti
722 1834 813 1887 divom
830 1833 993 1903 promittere
1009 1852 1092 1890 nemo

387 1905 523 1976 Auderet,
541 1908 675 1962 volvenda
692 1909 759 1976 dies,
777 1927 820 1977 en,
838 1909 933 1963 attulit
949 1909 1030 1965 ultro.

387 1982 504 2049 Aeneas,
522 1983 592 2036 urhe
609 1988 639 2038 et
657 1986 736 2038 sociis
753 1988 783 2039 et
800 1986 887 2039 classe
905 1986 1009 2053 relicta,

386 2057 501 2125 Sceptra
520 2058 638 2113 Palatini
657 2061 807 2130 sedemque
824 2062 895 2130 petit
913 2061 1042 2115 Euandri.
1280 2103 1281 2108 η

385 2133 412 2186 N
414 2150 445 2187 ec
463 2133 543 2188 satis:
561 2138 698 2190 extremas
717 2137 830 2205 Corythi
848 2138 1004 2205 penetravit
1021 2138 1058 2191 ad
1075 2140 1170 2210 urbes,
1216 2157 1240 2197 ro

385 2209 579 2279 Lydorumque
597 2228 707 2266 manum
724 2213 853 2267 collectos
870 2218 959 2267 armat
977 2215 1102 2281 agrestis.

385 2287 459 2352 Quid
471 2286 599 2343 dubitas?
612 2305 683 2343 nuno
694 2294 803 2357 tempus
816 2306 909 2358 equos,
922 2306 993 2343 nunc
1004 2307 1119 2359 poscere
1131 2310 1236 2349 curros.

385 2363 494 2434 Rumpe
512 2381 602 2419 moras
620 2367 707 2419 omnis
725 2369 753 2419 et
771 2364 884 2434 turbata
901 2367 992 2435 arripe
1009 2370 1108 2421 castra

385 2439 473 2508 Dixit,
492 2443 521 2494 et
538 2441 567 2494 in
584 2442 689 2495 caelum
707 2441 819 2509 paribus
838 2458 868 2494 se
886 2441 997 2495 sustulit
1014 2441 1071 2511 alis,

385 2516 587 2585 lugentemque
604 2518 669 2585 fuga
687 2518 773 2572 secuit
791 2515 842 2570 sub
860 2516 979 2571 nubibus
995 2533 1097 2572 arcum
1217 2524 1240 2565 1⁵

387 2591 529 2659 Adgnovit
546 2593 659 2660 iuvenis,
679 2594 850 2662 duplicisque
867 2593 904 2646 ad
921 2593 1013 2647 sidere
1029 2594 1136 2662 palmas

385 2666 511 2731 Sustulit,
530 2683 562 2720 ac
579 2667 628 2720 tali
646 2669 796 2737 fugientem
814 2671 858 2723 est
874 2686 940 2723 voce
957 2673 1080 2723 secutus:

385 2741 433 2810 Iri,
451 2742 535 2795 decus
553 2743 628 2810 caeli,
647 2746 709 2813 quis
727 2749 757 2798 te
774 2745 842 2799 mihi
859 2744 978 2798 nubibus
995 2748 1085 2799 actem

384 2817 494 2873 Detulit
512 2819 540 2872 in
558 2822 664 2874 terrosi
681 2822 756 2876 unde
772 2821 842 2875 haec
858 2825 917 2875 tam
934 2821 1008 2875 clara
1024 2824 1141 2890 repente

384 2896 562 2965 Tempestasl
580 2897 702 2951 medium
719 2898 799 2952 video
818 2897 960 2951 discedere
977 2897 1090 2965 caelum,
1216 2915 1241 2955 s)

385 2972 563 3042 Palantisque
581 2974 643 3042 polo
662 2973 765 3027 stellas.
802 2973 909 3042 Sequor
926 2973 1016 3027 omina
1032 2976 1119 3041 tanta,

385 3049 514 3118 Quisquis
532 3051 560 3103 in
578 3066 654 3103 arma
671 3067 760 3105 vocas.
797 3050 834 3103 Et
852 3050 891 3103 sic
908 3050 1006 3103 effatus
1024 3050 1061 3103 ad
1077 3050 1183 3106 undam

384 3124 530 3194 Processit,
548 3143 708 3196 summoque
726 3126 817 3179 hausit
836 3126 871 3178 de
888 3126 999 3193 gurgite
1016 3125 1150 3195 lymphas,

384 3199 475 3253 Multa
493 3202 560 3255 deos
578 3219 666 3269 orans,
684 3201 863 3270 oneravitque
880 3202 993 3255 aethera
1009 3202 1087 3255 votis.

394 3304 397 3308 ·
417 3275 534 3346 Iamque
551 3278 638 3330 omnis
657 3278 760 3347 campis
777 3278 914 3331 exercitus
931 3276 990 3331 ibat
1006 3278 1117 3347 apertis,
1214 3292 1239 3332 ss
1266 3293 1272 3306 ·

366 3347 457 3407 Bires
476 3372 588 3426 equum,
611 3355 690 3412 dives
709 3354 798 3427 pictai
814 3353 902 3407 vestis
919 3356 949 3406 et
964 3353 1043 3415 auri,

347 3424 508 3503 Mfflfflfflffl
523 3435 642 3508 primas
659 3437 748 3507 acies,
764 3435 918 3507 postrema
933 3428 1064 3482 coercent

347 3500 507 3574 &Midae
526 3516 672 3587 iuvenes;
693 3514 801 3573 medio
823 3509 888 3566 dux
905 3498 1156 3571 agmine'lursus
1249 3510 1252 3515 ·
