3242 4159
522 522 709 573 AENEIDOS
726 523 796 575 LIB.
815 523 852 575 X.
1060 523 1107 573 273

363 603 373 657 t
391 602 480 669 vigilo,
499 604 529 656 et
545 602 614 659 velis
631 602 751 658 immitte
769 603 905 661 rudentis.

355 696 429 747 rmus,
449 678 550 733 Idaeae
567 696 644 734 sacro
663 680 699 733 de
716 681 822 735 vertice
838 682 927 755 pinus,
971 692 974 696 ’
1072 698 1109 738 neo

355 756 440 825 pelagi
459 756 609 826 Nymphae,
628 756 722 811 elassis
740 762 795 811 tun„
834 758 963 811 Perfidus
980 765 1012 815 ut
1029 777 1079 815 nos

355 834 416 902 pitis
434 833 507 885 ferro
527 832 647 886 Rutulus
665 832 831 901 fiammaque
847 825 1001 904 prodebat,

356 927 389 962 us
405 908 508 962 invitae
525 912 574 961 tua
591 908 705 975 vinculo,
723 912 808 977 teque
826 926 876 978 per
893 927 997 981 aequor

357 1003 424 1040 mus.
461 986 540 1038 Hane
559 985 693 1039 Genetrix
710 985 807 1039 faeiem
826 988 958 1042 miserata
974 989 1079 1055 refecit,

355 1062 389 1116 iit
407 1077 467 1115 esse
485 1062 559 1129 deas,
578 1077 730 1128 aevumque
749 1062 856 1129 agitare
875 1064 926 1118 sub
944 1065 1032 1120 undis
1072 1080 1109 1121 235

355 1155 383 1191 er
402 1138 537 1191 Ascanius
555 1153 633 1190 muro
650 1137 787 1204 fossisque
805 1141 918 1193 tenetur

355 1218 411 1267 nter
429 1214 522 1267 media
539 1216 623 1280 etque
644 1213 783 1267 horrentis
802 1215 895 1269 Marte
913 1216 1034 1272 Latinos

355 1307 392 1343 »ea
409 1291 482 1343 iussa
505 1290 586 1342 tenet
612 1290 678 1343 forti
695 1290 851 1358 permixtus
869 1292 986 1347 Etrusoo

362 1383 453 1434 eques.
489 1365 596 1419 Medias
614 1365 667 1418 illis
686 1382 823 1433 opponere
835 1370 954 1436 turmas,

355 1443 414 1496 stris
431 1442 553 1510 iungant,
572 1444 649 1495 certa
666 1444 710 1495 est
728 1442 865 1496 sententia
884 1443 983 1498 Turno.
1073 1459 1109 1499 m

362 1536 420 1586 age,
439 1521 468 1572 et
488 1519 597 1571 Aurora
614 1518 700 1571 socios
718 1518 844 1572 veniente
862 1520 952 1573 vocari

355 1611 365 1647 s
377 1595 404 1647 in
417 1611 493 1647 arma
504 1593 576 1660 iube,
590 1597 619 1646 et
630 1593 748 1661 elipeum
760 1609 835 1662 cape,
848 1611 931 1663 quem
943 1595 1022 1650 dedit
1032 1598 1091 1664 ipse

355 1687 393 1722 nn
405 1669 575 1737 Ignipotens,
593 1671 678 1736 atque
694 1685 756 1722 oras
774 1668 873 1724 ambiit
890 1687 964 1727 auro.

355 1762 384 1798 na
402 1746 456 1811 lux,
476 1761 537 1797 men
555 1745 578 1797 si
596 1760 648 1797 non
665 1743 747 1798 inrita
765 1744 840 1798 dicta
857 1746 969 1815 putaris,

355 1822 384 1875 >is
403 1822 523 1875 Rutulae
543 1819 678 1889 spectabit
696 1820 788 1873 coedis
805 1837 924 1876 aoervos.
1073 1836 1110 1875 sss

355 1901 386 1952 t:
405 1903 434 1953 et
452 1898 553 1951 dextra
570 1896 715 1950 discedens
741 1895 843 1965 inpulit
860 1896 953 1966 alum,

360 1974 455 2041 ignara
472 1974 554 2041 modi,
573 1971 694 2041 puppim.
730 1972 815 2041 Fugit
832 1972 880 2027 illu
896 1990 947 2042 per
963 1973 1052 2027 undas

357 2054 386 2104 et
403 2050 490 2103 iaculo
509 2052 538 2103 et
555 2051 652 2102 ventos
670 2052 807 2117 aequante
825 2049 936 2118 sagitta.

355 2126 416 2179 diso
433 2126 555 2179 celerant
572 2140 675 2178 cursus.
710 2124 811 2194 Stupet
828 2125 930 2179 insoius
947 2126 1005 2195 ipse

355 2201 539 2267 inohisiades3
557 2202 660 2254 animos
677 2204 770 2255 tamen
789 2203 879 2256 omine
897 2203 977 2257 tollit
1074 2216 1111 2254 sto

355 2279 465 2332 ›reviter
477 2296 576 2349 supera
587 2280 749 2349 adspectans
760 2294 880 2331 convexa
896 2279 1039 2346 precatur:

357 2371 456 2422 parens
475 2353 561 2407 Idaea
579 2353 669 2418 deum,
687 2354 731 2407 oui
748 2352 886 2420 Dindyma
903 2352 980 2407 cordi

355 2447 473 2497 *eraeque
491 2429 574 2483 urbes
591 2428 734 2497 biiugique
752 2428 788 2481 ad
805 2428 884 2481 frona
902 2427 1004 2496 leones,

354 2506 382 2558 hi
400 2523 471 2559 nuno
489 2522 597 2574 pugnae
615 2505 748 2573 princeps,
767 2507 799 2557 tu
817 2504 872 2558 rite
891 2505 1060 2574 propinques
1106 2563 1119 2587 ,

355 2581 421 2647 ium,
436 2580 644 2649 Phrygibusque
657 2580 732 2632 adsis
742 2579 822 2648 pede,
835 2579 904 2647 dive,
917 2580 1045 2635 seeundo.
1074 2596 1110 2634 zet

355 2674 375 2709 n
392 2657 497 2710 effatus.
534 2657 570 2709 Et
588 2656 695 2709 interea
712 2656 838 2709 revoluta
854 2654 954 2711 ruebat

355 2749 368 2785 e
385 2733 440 2785 iam
457 2732 518 2786 luce
537 2733 604 2799 dies,
623 2734 787 2800 noctemque
804 2732 929 2800 fugaret:

355 2809 395 2876 pio
413 2809 491 2861 sooiis
510 2809 601 2874 edicit,
620 2808 698 2875 signa
716 2811 873 2876 sequantur,

370 2885 474 2937 animos
493 2887 590 2952 aptent
609 2884 698 2950 ermis,
718 2900 882 2952 pugnaeque
898 2887 998 2954 parent
1015 2900 1052 2942 se.

355 2975 373 3013 e
391 2961 420 3012 in
438 2962 586 3027 conspectu
605 2960 723 3012 Teucros
742 2958 827 3013 habet
845 2963 874 3013 et
892 2976 941 3012 sun
958 2964 1056 3027 castro,
1074 2953 1132 3012 nor'

356 3037 429 3089 celsa
445 3037 473 3088 in
490 3035 585 3104 puppi,
602 3036 721 3103 elipeum
739 3051 800 3087 curn
819 3035 920 3089 deinde
938 3036 1049 3089 sinistra

355 3116 366 3165 t
383 3113 533 3165 ardentem.
570 3112 723 3165 Clamorem
741 3110 777 3163 sd
796 3110 888 3164 sidera
905 3111 1006 3165 tollunt

354 3188 434 3241 uidae
453 3205 468 3241 o
486 3189 587 3251 nruris3
606 3203 667 3254 spes
685 3186 781 3240 addita
799 3186 915 3241 suscitat
932 3187 1002 3252 iras3

355 3281 422 3316 nanu
439 3264 556 3328 ineiunt3
575 3264 668 3331 quales
686 3263 737 3316 sub
755 3261 873 3317 nubibus
891 3263 960 3317 atris

355 3341 429 3393 oniae
442 3340 510 3393 dant
523 3341 600 3407 signa
611 3355 700 3407 grues,
712 3342 796 3407 atque
808 3339 921 3393 aethera
933 3340 1045 3392 tranant
1072 3350 1110 3389 ste

355 3417 442 3482 sonitu,
461 3415 737 3485 fugiuntqueNotos
755 3416 878 3471 elamore
895 3413 1033 3470 seeundo.

355 3491 410 3543 tulo
427 3493 488 3559 regi
506 3494 688 3565 ducibusque
705 3512 742 3552 ea
759 3495 840 3551 mun
852 3492 954 3550 rideri
1035 3507 1038 3511 ·
1084 3504 1090 3510 “

355 3581 374 3630 s,
394 3564 485 3621 donee
506 3587 607 3628 versas
624 3572 666 3628 od
685 3574 780 3633 litore.
794 3573 915 3646 puppis
