3242 4159
610 822 639 871 P.
658 822 815 871 VERGILI
831 820 999 872 MARONIS
1042 876 1044 881 ,

570 987 1048 1063 AENEIDOS

652 1176 770 1231 LIBER
790 1174 975 1243 colurus·

758 1334 861 1366 -s—
967 1355 973 1362 .

384 1452 512 1507 Irrnnna
530 1453 659 1507 medium·
669 1456 779 1509 Aeneas
796 1456 851 1509 iam
868 1455 955 1509 classe
973 1453 1086 1508 tenebat

383 1528 482 1582 Certus
499 1530 560 1596 iter,
578 1529 731 1597 fluctusque
749 1535 824 1584 atros
841 1530 968 1598 aquilone
985 1528 1103 1597 secabat,

383 1603 492 1659 Moenia
509 1605 664 1675 respiciens,
682 1623 754 1674 quae
770 1607 825 1661 iam
842 1605 956 1659 infelicis
976 1604 1081 1659 Elissae

383 1680 532 1735 Conlucent
550 1681 672 1735 flammis.
710 1682 786 1747 Quae
804 1684 913 1737 tantum
931 1681 1089 1735 accenderit
1105 1684 1210 1753 ignem,

383 1757 485 1811 Caussa
502 1759 586 1824 latet3
604 1759 665 1812 duri
682 1775 782 1826 magno
800 1757 850 1811 sed
867 1773 960 1810 amore
978 1757 1087 1811 dolores
1227 1774 1241 1815 t

383 1831 498 1901 Polluto,
516 1838 673 1903 notumque,
690 1835 784 1887 furens
802 1833 869 1902 quid
887 1832 987 1886 femina
1004 1834 1099 1902 pessit,
1171 1856 1174 1860 ·

383 1908 472 1962 Triste
490 1926 540 1978 per
557 1910 700 1977 augurium
719 1910 885 1964 Teucrorum
903 1913 1014 1977 pectora
1031 1909 1144 1964 ducunt
1227 1962 1231 1969 ,

416 1985 457 2039 Ut
474 1985 586 2053 pelagus
603 1990 717 2039 tenuere
735 1989 816 2053 rates,
834 2002 885 2039 nec
902 1986 957 2039 iam
975 1985 1091 2053 amplius
1106 1986 1166 2041 ulla

383 2060 510 2115 Occurrit
527 2062 615 2130 tellus,
633 2062 720 2115 maria
736 2062 858 2130 undique
877 2066 906 2115 et
923 2061 1046 2130 undique
1063 2061 1179 2130 eaelum,

382 2136 436 2190 Olli
453 2138 593 2192 caeruleus
611 2156 694 2207 supra
711 2141 794 2207 caput
814 2138 925 2192 adstitit
942 2137 1037 2203 imber,
1213 2153 1239 2192 ro

381 2213 498 2269 Noctem
516 2208 687 2283 hiememque
705 2214 803 2281 serens,
818 2218 847 2267 et
863 2213 998 2267 inhorruit
1014 2213 1090 2267 unda
1106 2214 1238 2268 tenebris

382 2289 447 2359 Ipse
463 2291 631 2359 gubernator
647 2290 732 2360 puppi
751 2290 896 2344 Palinurus
913 2289 948 2343 ab
968 2290 1038 2343 alta:
1082 2324 1086 2330 -

382 2366 460 2421 Heu!
480 2369 606 2437 quianam
624 2368 694 2421 tanti
713 2368 857 2421 cinxerunt
874 2366 988 2419 aethera
1004 2365 1109 2421 nimbil

382 2442 494 2510 Quidve,
513 2447 592 2513 pater
609 2445 745 2513 Neptune,
762 2445 859 2512 parasl
895 2443 939 2497 Sic
957 2443 1057 2496 deinde
1074 2442 1184 2495 locutus

382 2518 516 2587 Colligere
534 2536 610 2573 arma
626 2520 704 2574 iubet
720 2520 873 2588 validisque
890 2518 1049 2572 incumbere
1066 2519 1158 2581 remis,
1217 2532 1240 2570 16

382 2593 567 2663 Obliquatque
585 2596 659 2648 sinus
676 2597 703 2648 in
723 2600 843 2663 ventum,
861 2612 893 2649 ac
909 2596 976 2649 talia
994 2595 1082 2648 fatur:

381 2669 554 2737 Magnanime
574 2672 677 2739 Aenea,
695 2688 755 2736 non,
774 2673 796 2726 si
816 2672 882 2725 mihi
901 2672 1028 2740 luppiter
1045 2672 1143 2724 auctor

381 2745 527 2815 Spondeat
545 2746 596 2800 hoc
613 2764 720 2815 sperem
741 2748 849 2802 Italiam
869 2748 1026 2816 contingere
1045 2746 1128 2800 caelo.

380 2821 482 2877 Mutati
499 2825 655 2877 transversa
672 2824 793 2877 fremunt
811 2829 841 2878 et
859 2841 974 2893 vespere
995 2823 1031 2877 ab
1048 2826 1110 2875 atro

381 2897 555 2967 Consurgunt
572 2900 654 2967 venti,
673 2904 757 2969 atque
775 2901 803 2953 in
821 2901 921 2955 nubem
939 2900 1048 2969 cogitur
1064 2915 1118 2953 aer.
1217 2912 1242 2951 ao

380 2974 406 3027 N
408 2992 439 3029 ec
456 2991 505 3028 nos
523 2975 609 3029 obniti
627 2981 729 3045 contra,
747 2994 797 3030 nec
815 2977 932 3031 tendere
953 2975 1063 3030 tantum

380 3051 539 3106 sufficimus.
574 3053 692 3121 Superat
709 3054 836 3121 quoniam
855 3053 983 3120 Fortuna,
1004 3065 1160 3119 sequamur,

380 3128 494 3203 Quoque
511 3133 596 3197 vocat,
614 3133 753 3183 vertamus
769 3130 830 3183 iter.
867 3128 893 3181 N
895 3145 926 3183 ec
943 3128 1025 3181 litora
1042 3127 1123 3193 longe

379 3203 449 3257 Fida
467 3221 529 3258 reor
545 3205 669 3259 fraterna
687 3205 782 3274 Erycis
799 3208 951 3273 portusque
970 3204 1089 3271 Sicanos,

377 3278 406 3331 Si
424 3280 506 3333 modo
523 3281 577 3335 rite
594 3297 699 3335 memor
716 3284 825 3333 servata
842 3281 973 3352 remetior
991 3282 1072 3333 astra.
1215 3293 1241 3334 at

365 3353 437 3409 Tum
452 3357 518 3426 pius
536 3360 667 3415 Aeneas:
685 3356 830 3429 Equidem
847 3356 888 3410 sic
903 3370 1019 3424 poscere
1033 3356 1131 3404 acutos

347 3425 531 3490 Iamdudum
553 3441 587 3493 et
603 3438 719 3494 frustra
738 3452 826 3491 cerno
843 3436 875 3488 te
893 3431 1017 3486 tentero
1032 3429 1142 3477 contra

347 3498 444 3584 Wffllfl
467 3513 544 3569 Viam
567 3516 652 3573 velis.
691 3517 747 3573 An
766 3515 806 3570 sit
824 3510 900 3565 mhi
917 3504 1028 3575 gratier
1043 3498 1116 3549 ahta
