3242 4159
381 533 428 583 386
615 532 644 581 P.
662 528 820 580 vultum
834 526 1003 579 MARONIS

383 612 577 683 Arrectuoqne
593 611 708 666 horrore
726 627 828 679 comae,
846 612 876 664 et
892 626 947 663 vox
962 607 1094 662 faucibus
1106 605 1195 668 hesit

383 689 433 755 At,
450 688 546 757 procul
564 691 597 743 ut
614 689 699 742 Dirae
716 686 866 741 stridorem
882 683 1015 752 adgnovit
1032 684 1147 753 etnlns,
1215 709 1218 714 ·

383 762 485 818 Infelix
502 764 586 819 crinis
604 764 705 818 scindit
722 763 842 817 Intumu
858 761 971 828 solutos,
1078 787 1080 789 v
1197 770 1227 813 uu

383 838 529 908 Unguibus
547 857 596 895 oro
613 856 691 894 soror
706 838 821 893 foedans
839 840 869 891 et
885 839 1001 905 pectora
1017 836 1131 904 pugnis:

383 914 459 980 Quid
474 933 547 971 nuno
564 919 595 971 te
611 919 668 981 tuo,
686 916 784 982 Turne,
802 915 896 983 potest
912 928 1045 981 germano
1062 912 1175 989 iuvaret

383 991 445 1046 Aut
462 992 531 1061 quid
547 992 603 1046 ium
621 991 707 1045 durae
716 992 839 1059 superet
855 988 941 1043 mihit
966 1004 1024 1058 qno
1041 987 1095 1051 tibi
1111 987 1197 1042 lucem

384 1067 456 1122 Arte
473 1070 584 1122 morer?
620 1066 695 1121 teiin’
713 1082 826 1136 possum
843 1080 889 1119 me
905 1079 1046 1133 opponere
1062 1065 1200 1119 monstrnt

384 1142 446 1197 Iam
462 1144 517 1197 ium
534 1142 629 1211 linquo
646 1142 727 1197 ecies.
762 1142 807 1195 Ne
824 1157 870 1195 me
886 1141 993 1194 terrete
1011 1140 1166 1209 timentem,
1198 1152 1230 1196 ⁸7⁵

384 1217 525 1273 Obscenae
542 1218 682 1285 volucres3
706 1218 811 1272 olerum
830 1216 1046 1286 verbere-nosco

384 1293 564 1364 Letalemqne
582 1311 692 1361 sonum3
715 1310 766 1348 neo
782 1292 880 1347 fallant
896 1292 972 1345 iussu
988 1292 1111 1361 superba
1271 1295 1275 1424 1

384 1369 552 1437 Magnanimi
571 1370 653 1425 iovis.
689 1371 767 1425 Haec
784 1386 836 1438 pro
852 1368 1158 1437 uirginitatereponiti
1274 1429 1275 1436 χ

384 1443 445 1509 Quo
463 1446 548 1499 vitem
566 1445 645 1501 dedit
661 1447 819 1501 aeternnmi
842 1460 893 1498 cur
909 1444 1008 1498 mortis
1027 1444 1161 1515 adempta
1177 1447 1217 1500 est

384 1520 533 1577 Condiciot
556 1529 669 1592 possem
681 1526 775 1577 tentos
792 1520 873 1575 finire
891 1520 999 1574 dolores
1199 1536 1232 1575 eso

383 1595 411 1648 N
412 1613 466 1650 nnc
483 1600 566 1665 certe,
585 1601 614 1652 et
632 1599 732 1652 misero
749 1598 830 1651 fratri
846 1613 938 1651 comes
955 1596 997 1651 ire
1013 1613 1066 1666 per
1082 1598 1202 1654 umbras
1227 1656 1229 1658 .

385 1671 543 1727 Inmortulis
560 1676 628 1743 egoi
651 1677 700 1728 unt
717 1674 866 1743 quicquam
883 1672 951 1726 mihi
969 1672 1050 1728 dulce
1066 1690 1190 1729 meorum
1227 1731 1230 1735 ,

384 1746 423 1801 To
441 1748 507 1817 sine,
523 1749 624 1816 frater-,⁴
635 1750 705 1806 erit?
740 1749 764 1804 0
783 1766 855 1819 quae
872 1749 940 1803 satis
957 1748 1014 1803 alto
1031 1748 1159 1805 dehiscet

384 1822 469 1878 Tene
485 1824 561 1892 mihi,
581 1826 726 1896 Manisque
743 1827 824 1881 deum
841 1824 972 1879 demittat
989 1824 1026 1878 od
1043 1824 1127 1881 imos!
1170 1882 1173 1885 .
1190 1854 1192 1858 ·

377 1898 502 1954 ruentum
519 1901 609 1971 effata,
626 1905 710 1973 ceput
726 1903 822 1971 glauco
839 1900 961 1955 contexit
978 1901 1103 1968 amictu,-
1201 1918 1237 1959 uec

384 1972 474 2028 Multo
490 1992 610 2045 gemens,
627 1978 658 2032 ct
674 1994 705 2032 se
722 1977 805 2031 fluuio
823 1976 876 2029 deu
892 1975 1017 2031 condidit
1033 1976 1099 2031 ulto.

419 2051 531 2105 Aeneas
547 2052 634 2106 instat
651 2056 747 2107 contro
763 2053 905 2124 telumque
922 2056 1055 2121 corusce,

385 2124 494 2193 Ingens,
511 2126 664 2193 arboreum,
682 2131 712 2180 et
729 2142 810 2181 soevo
829 2125 997 2196 sic'peutore
1013 2128 1102 2189 futur:

385 2200 461 2266 Quae
485 2216 557 2256 nunc
580 2200 779 2257 deinde'moro
800 2204 860 2258 esti
890 2206 939 2257 out
959 2202 1027 2272 quid
1047 2203 1112 2270 inm,
1135 2210 1236 2275 Tur-ne,

409 2294 416 2322 κ
452 2280 602 2333 retractasi
784 2324 787 2330 .
1080 2330 1082 2336 .

384 2353 412 2406 N
412 2370 449 2408 on·
464 2372 552 2423 cursu,
571 2356 659 2411 suevis
676 2356 839 2411 certandum
855 2359 900 2411 est
917 2356 1067 2413 comminue
1083 2360 1175 2413 armis
1199 2376 1236 2415 uu

384 2428 472 2485 Verte
490 2432 577 2485 omnis
593 2435 652 2486 tete
669 2433 701 2485 in'
714 2432 805 2501 facies,
822 2434 853 2486 et
869 2432 1007 2500 contrahe,
1026 2433 1166 2503 quidquid

384 2503 447 2560 Sive
464 2507 561 2561 oninus
579 2507 637 2561 sivo
654 2511 716 2563 orte
733 2508 823 2574 vules3
846 2511 911 2575 opta
927 2508 1015 2563 arduo
1031 2508 1130 2576 pennis

384 2582 471 2635 Astra
487 2583 573 2652 sequi,
591 2583 766 2652 clausumque
783 2600 850 2638 ouva
866 2586 896 2637 te
913 2584 1032 2639 condere
1048 2588 1132 2639 terro.

384 2656 436 2711 Ille
454 2663 537 2727 caput
555 2660 698 2727 quassans:
722 2660 785 2714 Non
802 2675 848 2713 me
864 2662 914 2713 tue
928 2660 1035 2715 fervido
1050 2662 1160 2717 terrent

383 2731 472 2801 Dicto,
487 2734 580 2788 ieron:
605 2734 634 2787 di
652 2751 697 2789 rne
712 2738 821 2789 terrent
838 2735 1125 2804 et,1uppiterhostis.'
1195 2754 1235 2794 sse

383 2806 409 2860 N
411 2824 443 2862 eo
459 2808 539 2877 pluro
556 2808 661 2875 effetus,
680 2826 777 2863 sexum
793 2811 977 2880 circumspicit
993 2810 1098 2879 ingens,
1232 2867 1236 2871 .

383 2882 485 2939 Saxum
502 2884 653 2954 antiquum,
670 2884 880 2955 ingens‚oompo
897 2886 973 2955 qnod
989 2886 1062 2941 forte
1079 2888 1197 2957 iuceiiut,

382 2958 473 3015 Limes
491 2978 557 3030 egro
573 2962 685 3031 positus,
702 2961 779 3015 litem
796 2965 830 3016 nt
847 2962 1016 3017 discerneret
1033 2964 1121 3031 urvis3

382 3031 438 3089 Vix
455 3037 524 3091 illud
540 3038 606 3091 lecti
622 3037 665 3092 bis
683 3055 731 3092 sex
748 3039 853 3092 cervice
870 3039 1008 3107 subirent,

382 3110 480 3174 Qualia
496 3129 568 3166 nunc
580 3114 719 3167 hominum
735 3115 865 3183 producit
882 3132 996 3183 corpora
1012 3114 1110 3182 tellus3
1196 3133 1236 3174 ooo

382 3184 434 3240 Ille
451 3204 534 3242 manu
551 3194 659 3257 raptam
674 3191 784 3259 trepido
801 3191 950 3260 torquebat
965 3192 995 3245 in
1011 3190 1127 3262 hostem,

381 3261 634 3332 Altiorinsurgens
650 3271 679 3321 et
696 3283 776 3320 cursu
795 3268 916 3322 concitus
932 3268 1023 3323 heros.

375 3334 434 3392 Sed
449 3355 543 3412 neque
560 3346 717 3398 currentem
734 3360 833 3398 senec
843 3345 981 3411 cognoscit
998 3347 1119 3411 euntem,

365 3410 563 3478 Tollentemve
574 3439 662 3478 menn
680 3436 839 3491 sexumque
853 3421 967 3473 inmune
980 3422 1155 3479 monentem

349 3491 458 3557 Genua
474 3502 588 3577 iubant,
609 3503 734 3576 gelidus
752 3496 900 3555 concrevit
914 3492 1023 3577 inigore
1038 3487 1163 3549 uengo‘xs,
1222 3501 1266 3537 cs

349 3567 410 3635 siun
430 3581 516 3654 lupis
534 3584 607 3658 ipso
627 3583 698 3657 viri,—
715 3589 853 3639 vacuum
865 3576 1028 3643 perinane
1040 3559 1169 3615 rotenus,
