3242 4159
393 533 442 583 256
626 529 655 578 P.
673 525 828 577 VERGILI
843 518 1011 577 Mauortis

395 610 555 681 Inpediunt,
573 609 700 679 fallitque
717 609 802 664 timor
819 608 931 677 regione
947 608 1065 664 viarum.

395 688 480 740 Nisus
498 685 572 752 abit;
595 686 704 755 musque
721 685 872 754 inprudens
889 689 1015 739 evaserat
1033 685 1127 742 hostis

397 765 493 831 Atque
510 762 592 830 locos,
611 763 658 829 qui
675 764 738 831 post
757 760 846 814 Albae
864 761 900 815 de
917 761 1029 816 nomine
1046 762 1120 817 dicti

396 838 507 906 Albani,
526 842 587 893 tum
604 855 654 891 rex
672 837 780 891 stabula
796 836 854 891 alta
872 836 988 890 Latinus
1005 837 1148 895 habebat:

397 914 438 969 Ut
455 915 544 983 stetit,
560 918 589 968 et
604 913 708 967 frustra
725 912 868 967 absentem
885 912 1010 982 respexit
1026 914 1156 971 amicum.

398 990 516 1058 Euryale
533 988 635 1057 infelix,
654 1005 709 1057 qua
726 992 755 1042 te
772 989 886 1057 regione
902 989 1024 1058 reliquii
1216 1008 1252 1047 aso

398 1066 493 1131 Quave
511 1081 618 1135 sequar,
635 1080 730 1118 rursus
747 1064 910 1134 perplexum
927 1066 982 1119 iter
999 1082 1083 1121 omne
1100 1068 1243 1125 revolvens

399 1142 514 1195 Fallacia
532 1142 635 1195 silvael
665 1141 753 1195 Simul
771 1144 801 1195 et
817 1142 944 1210 vestigia
951 1145 1029 1196 retro

399 1216 553 1272 Observata
570 1216 646 1286 legit,
664 1217 809 1287 dumisque
826 1217 970 1271 silentibus
987 1221 1073 1273 erret.

400 1294 490 1348 Audit
508 1310 600 1363 equos,
619 1293 698 1347 audit
715 1294 848 1362 strepitus
865 1296 895 1348 et
912 1294 991 1362 signa
1009 1298 1185 1363 sequentum.

400 1370 426 1424 N
428 1387 459 1424 ec
473 1371 585 1440 longum
598 1371 627 1423 in
642 1370 733 1424 medio
749 1373 866 1438 tempus,
878 1386 939 1424 cum
952 1369 1055 1425 clamor
1069 1371 1109 1425 ad
1121 1373 1196 1427 auiis
1214 1388 1249 1426 ass

401 1446 539 1516 Pervenit,
551 1464 582 1500 ac
596 1446 672 1500 ridet
687 1446 850 1514 Euryalum3
871 1462 953 1515 quem
970 1446 1027 1499 iam
1041 1462 1144 1501 manus
1156 1448 1247 1515 omnis,

401 1523 511 1577 Fraude
529 1523 579 1576 loci
597 1525 627 1575 et
644 1522 738 1590 noctis,
757 1521 849 1576 subito
866 1521 997 1576 turbante
1014 1524 1147 1589 tumultu,

401 1599 567 1668 Oppressum
584 1597 657 1666 rapit
675 1600 704 1651 et
721 1600 865 1651 conantem
881 1597 1000 1667 plurima
1016 1598 1130 1653 frustra

402 1674 474 1739 Quid
490 1674 589 1728 faciat'l
613 1689 667 1742 qua
684 1674 711 1726 vi
728 1674 861 1742 iuvenem,
880 1673 980 1743 quibus
997 1674 1103 1729 audeat
1120 1677 1205 1730 armis

401 1751 533 1820 Eriperel
556 1766 591 1804 an
609 1766 669 1803 sese
686 1749 791 1803 medios
808 1749 957 1803 moriturus
973 1750 1002 1803 iu
1020 1767 1103 1805 enses
1213 1766 1248 1805 suo

401 1827 513 1895 Inferat,
532 1830 561 1882 et
578 1826 719 1895 pulchram
735 1827 866 1895 properet
882 1842 933 1894 per
949 1825 1062 1880 volnera
1078 1829 1216 1883 morteml

401 1900 483 1955 Ocius
501 1903 619 1956 adducto
636 1905 767 1971 torquens
785 1900 883 1955 hastile
900 1901 1011 1971 lacerto,

400 1977 553 2045 dispiciens
570 1978 654 2031 altam
672 1977 709 2030 ad
727 1977 839 2046 Lunam,
857 1977 896 2031 sic
912 1993 978 2032 voce
994 1981 1142 2045 precatur:

400 2052 446 2118 Tu,
464 2052 522 2116 dea,
540 2056 573 2106 tu
590 2069 720 2122 praesens
737 2057 832 2107 nostro
850 2069 977 2107 succurre
994 2052 1090 2120 labori,

400 2131 546 2183 Astrorum
564 2128 647 2182 decus
661 2131 690 2181 et
707 2144 849 2188 nemorum
867 2128 983 2183 Latonia
999 2132 1109 2195 custos;
1211 2146 1244 2187 aa

399 2204 428 2259 Si
445 2220 500 2271 qua
516 2204 573 2257 tuis
590 2220 719 2280 umquam
737 2220 788 2272 pro
805 2221 850 2258 me
867 2209 947 2273 pater
965 2204 1107 2273 Hyrtacus
1124 2208 1180 2263 aris

398 2280 477 2334 Dona
494 2280 566 2348 tulit,
584 2280 607 2334 si
626 2296 680 2349 qua
697 2280 757 2348 ipse
774 2281 843 2335 meis
860 2280 1004 2335 venatibus
1021 2282 1094 2350 auxi,

399 2358 567 2426 Suspendive
584 2357 667 2423 tholo,
685 2360 733 2410 aut
751 2373 829 2411 sacra
845 2357 1008 2425 ad,iastigia
1025 2358 1091 2425 lixi;
1282 2403 1283 2422 ,

398 2435 481 2488 Hunc
499 2435 558 2489 sine
573 2451 618 2488 me
633 2433 747 2487 turbare
760 2433 879 2501 globum,
894 2435 923 2487 et
938 2450 1004 2501 rege
1019 2434 1078 2489 tela
1092 2452 1146 2503 per
1161 2452 1243 2491 auras
1282 2429 1283 2434 ¹

398 2510 520 2577 Dixerat,
539 2515 569 2565 et
586 2515 645 2565 toto
663 2510 792 2565 connixus
809 2525 922 2578 corpore
939 2510 1042 2563 ferrum
1210 2525 1244 2565 uo

398 2585 520 2640 (louiicit.
557 2588 648 2640 Hasta
665 2586 758 2639 volans
776 2584 864 2639 noctis
882 2584 1039 2639 diverberat
1056 2585 1178 2657 umbras,

397 2660 435 2714 Et
451 2662 527 2715 venit
544 2663 633 2715 aversi
650 2662 678 2714 in
698 2666 807 2730 tergum
825 2660 969 2729 Sulmonis,
986 2661 1084 2730 ibique

397 2739 552 2807 Frangitur,
572 2758 603 2794 ac
620 2742 685 2794 fisso
702 2743 802 2796 transit
819 2742 980 2811 praecordia
996 2742 1078 2810 ligno.

396 2815 525 2869 Volvitur
543 2816 589 2869 ille
606 2833 718 2870 rourens
736 2818 855 2871 calidum
865 2818 909 2871 de
925 2821 1036 2887 pectore
1053 2819 1158 2875 flumen

396 2891 533 2960 Frigidus,
553 2896 582 2947 et
598 2892 687 2961 longis
706 2893 870 2961 singultibus
887 2894 935 2947 ilia
951 2895 1049 2962 pulsat.
1209 2912 1243 2953 415

396 2969 506 3022 Diversi
523 2968 752 3038 circumspiciunt.
788 2969 850 3023 Hoc
867 2970 955 3023 acrior
971 2969 1046 3022 idem

397 3044 467 3098 Fece
485 3044 560 3099 aliud
578 3062 684 3098 summa
700 3046 787 3098 telum
804 3044 925 3098 librabat
941 3046 977 3098 ab
994 3061 1067 3100 aure.

396 3119 470 3172 Dum
487 3122 637 3189 trepidant,
655 3121 688 3174 iit
706 3121 784 3173 hasta
802 3121 876 3189 Tago
892 3137 944 3189 per
960 3125 1070 3189 tempus
1087 3126 1244 3195 utrumque,

395 3194 529 3261 Stridens,
546 3197 718 3264 traiectoque
735 3196 825 3249 haesit
841 3196 979 3264 tepefacta
995 3197 1116 3251 cerebro.

395 3270 489 3324 Saevit
506 3275 587 3325 atrox
605 3273 745 3339 Volscens‚
762 3289 814 3326 nec
830 3272 880 3326 teli
897 3272 1028 3341 conspicit
1045 3289 1165 3343 usquam
1210 3290 1245 3332 aa)

394 3345 554 3418 Auctorem,
572 3364 623 3402 nec
642 3365 695 3419 quo
714 3365 743 3401 se
760 3349 861 3401 ardens
878 3348 1018 3402 inmittere
1035 3351 1130 3418 possit

381 3419 422 3476 Fu
442 3425 538 3482 tamen
557 3426 670 3486 interea
690 3426 783 3484 calido
800 3424 871 3479 milii
887 3424 1018 3491 sanguine
1031 3439 1137 3491 poanas

362 3496 524 3562 Persolrcs
542 3508 710 3581 amborum,
730 3504 845 3579 inquib,
869 3500 956 3557 simul
971 3513 1038 3550 em
1052 3496 1164 3547 mlii&

353 3573 423 3633 Ibat
439 3581 471 3639 in
492 3586 676 3663 Euryalum,
719 3587 799 3646 'lum
818 3596 891 3639 reto
910 3569 1079 3634 extermis,
1092 3581 1206 3629 mm·
