3242 4159
398 522 447 586 314
634 521 663 582 e.
683 521 838 571 venenu
854 523 1021 574 minorue

395 605 450 657 Ast
467 618 527 669 ege,
544 617 643 668 magna
661 602 734 656 levis
752 602 878 670 coniunx,
895 603 934 657 nil
950 604 1078 675 linquere
1095 606 1215 676 inausum

396 680 471 743 Quae
487 679 565 747 potui
581 677 684 746 infelix,
703 695 774 747 quae
791 684 894 734 memet
910 680 940 734 in
957 683 1050 736 omnia
1066 685 1146 753 verti,

395 756 496 809 Viucor
507 754 544 809 ab
556 756 659 810 Aenea
697 756 776 821 Quod
788 756 812 807 si
825 773 886 810 mea
897 758 1009 812 numina
1020 775 1076 812 non
1088 765 1153 815 sunt
1208 773 1238 814 ue

393 832 496 900 Magna
513 831 588 900 satis,
606 832 731 886 dubitem
748 830 823 885 haud
840 832 969 900 equidem
984 835 1125 904 inpletam
1141 836 1211 907 qued

461 926 577 978 usquam
595 911 645 963 est

394 987 519 1041 Flectere
537 986 560 1040 si
578 1000 683 1053 nequeo
701 983 829 1052 Superos,
847 984 1006 1039 Acheronta
1022 988 1145 1045 movebor

393 1063 457 1117 Non
475 1062 585 1116 dabitur
603 1061 702 1128 regnis,
720 1064 787 1127 este,
805 1060 953 1130 prohibere
972 1062 1085 1131 Latims,

396 1142 488 1207 Atque
505 1139 608 1191 inmota
625 1140 718 1190 manet
735 1136 801 1191 fatis
820 1136 934 1191 Lavinia
952 1138 1087 1196 eoniunx:

395 1218 435 1269 At
446 1215 564 1281 trahere,
577 1217 660 1283 atque
672 1231 762 1267 meras
774 1215 860 1267 tantis
871 1213 936 1268 lieet
947 1214 1052 1270 addere
1063 1216 1162 1286 rebus;
1207 1231 1238 1272 eu

393 1293 434 1346 At
451 1293 515 1346 licet
532 1291 674 1345 amborum
690 1290 805 1360 populos
823 1290 983 1344 exscindere
999 1308 1108 1361 regum.

395 1370 455 1424 Hac
471 1372 657 1439 generatque
674 1384 751 1422 secer
767 1370 865 1421 coeant
882 1366 1008 1422 mercede
1026 1384 1146 1425 suorum.

394 1447 529 1514 Sanguine
547 1445 661 1499 Troiane
679 1448 708 1499 et
727 1443 830 1496 Rutulo
848 1442 988 1511 dotabere,
1005 1443 1091 1513 virgo,

394 1522 430 1576 lJt
444 1522 563 1575 Bellene
579 1524 672 1574 manet
689 1524 726 1574 te'
737 1518 869 1588 pronuba.
905 1519 965 1573 Nee
981 1520 1041 1575 iace
1057 1525 1168 1577 tantum

394 1598 491 1652 Cisseis
508 1614 659 1666 praegnans
674 1596 745 1664 ignis
763 1595 843 1649 enixa
859 1595 971 1663 ing-alim
1208 1609 1239 1651 an

394 1675 465 1738 Quin
482 1675 556 1729 idem
574 1673 677 1728 Veneri
695 1677 790 1741 partus
808 1689 872 1726 suus
890 1675 920 1726 et
939 1671 1017 1727 Paris
1034 1674 1115 1743 alter,

395 1752 586 1820 Funestaeque
602 1751 703 1804 iterum
721 1749 840 1804 recidiva
857 1748 885 1801 in
904 1749 1040 1816 Pergama
1057 1750 1166 1806 taedae

403 1879 405 1884 .
429 1828 507 1883 Haec
523 1828 572 1882 ubi
589 1828 663 1882 dicta
681 1826 766 1894 dedit,
783 1829 873 1880 terrae
891 1824 1028 1879 horrenda
1045 1826 1162 1894 petivit:

394 1904 554 1959 Luctificam
572 1904 680 1958 Allecto
699 1903 822 1957 dirarum
839 1901 875 1954 ab
893 1901 959 1955 sede
976 1900 1092 1956 deamm

395 1980 569 2049 infernisque
586 1980 641 2034 ciet
659 1978 790 2046 tenebris,
809 1977 854 2032 cui
872 1977 963 2031 tristia
979 1976 1053 2031 bella
1215 1987 1246 2028 aa

396 2056 513 2124 Iraeque
529 2055 698 2123 insidiaeque
716 2057 746 2107 et
762 2054 876 2107 crimina
892 2053 973 2107 noxia
990 2053 1075 2109 cordi

395 2131 463 2185 Odit
480 2134 514 2197 et¹
527 2131 586 2199 ipse
603 2134 682 2199 pater
701 2130 807 2195 Pluton,
826 2130 910 2184 odere
928 2145 1035 2184 soreres

395 2209 542 2268 Tartareae
559 2209 726 2260 monstrum:
745 2208 788 2260 tot
807 2216 873 2260 sese*
885 2205 971 2260 vertit
987 2206 1017 2259 in
1034 2222 1090 2271 era,

395 2285 462 2339 Tam
480 2300 577 2338 saevae
593 2282 683 2350 facies,
700 2284 744 2336 tot
760 2281 879 2350 pullulat
894 2284 956 2336 atra
973 2281 1099 2337 colubris.

396 2362 484 2427 Quam
502 2362 572 2415 que
589 2359 633 2413 his
650 2358 724 2413 acuit
740 2357 839 2426 verbis,
857 2374 889 2411 ac
905 2357 973 2411 talia
988 2358 1078 2413 fatm:
1212 2372 1245 2415 aa

396 2439 479 2493 llunc
495 2437 562 2493 mihi
580 2437 617 2491 da
633 2435 781 2504 preprium,
799 2436 876 2501 virgo
893 2436 954 2487 sata
971 2434 1068 2502 Necte,
1085 2434 1216 2505 laborem,

397 2516 478 2570 Hanc
495 2530 613 2584 operam,
631 2528 667 2566 ne
683 2514 777 2567 nester
794 2510 881 2564 henes
897 2510 1047 2564 infractave
1063 2510 1148 2566 cedat

396 2592 483 2646 Fama
499 2592 565 2658 leco,
583 2606 637 2643 neu
654 2587 794 2643 connubiis
811 2588 918 2641 ambire
936 2586 1065 2641 Latinum

396 2667 545 2721 Aeneadae
562 2666 675 2733 possint,
693 2665 813 2719 Italosve
831 2663 958 2717 obsidere
975 2663 1042 2717 finis.

396 2743 438 2795 'lu
455 2746 535 2810 potes
551 2741 692 2793 unanimos
710 2757 817 2794 armare
834 2740 863 2793 in
880 2740 984 2809 proelia
999 2738 1101 2793 iratres
1215 2755 1248 2796 aaa

397 2820 493 2888 Atque
511 2817 579 2870 ediis
596 2813 705 2871 'versare
723 2817 826 2882 domos,
844 2821 877 2871 tu
893 2815 1010 2870 uerbera
1027 2815 1111 2870 tectis

397 2896 590 2962 l'unereasque
607 2892 707 2945 inferre
725 2894 805 2961 laces,
825 2893 877 2947 tibi
895 2892 1004 2946 nomina
1021 2891 1104 2960 mille,

397 2973 473 3027 Mille
491 2970 606 3025 nocendi
624 2972 704 3022 artes
743 2969 902 3023 Fecundum
919 2972 1033 3022 concute
1049 2971 1157 3037 pectus,

397 3048 499 3103 Disiico
517 3046 684 3116 conpositam
702 3062 803 3114 pacem,
821 3062 882 3098 sere
899 3045 1012 3098 erimina
1028 3043 1110 3109 belli;

398 3125 486 3178 Arma
502 3125 570 3178 velit
586 3126 736 3192 poscatque
754 3121 842 3188 simul,
860 3122 1003 3190 rapiatque
1019 3120 1156 3176 iuventus
1216 3125 1251 3166 ³¹⁰

432 3200 503 3255 Exin
522 3200 672 3268 Gorgoneis
691 3200 800 3253 Allecto
818 3197 920 3251 iniecta
937 3196 1049 3252 venenis

398 3276 536 3347 Principio
554 3278 663 3331 Latium
681 3279 710 3331 et
728 3274 874 3329 Laurentis
890 3277 966 3329 tecta
982 3272 1092 3343 tyranni

399 3352 479 3406 Celsa
496 3353 575 3420 petit,
593 3354 762 3421 tacitumque
780 3349 889 3405 obsedit
906 3350 989 3405 limen
1007 3350 1137 3419 Amatae,

394 3429 480 3494 Quam
497 3445 585 3501 super
602 3429 728 3485 alvento
743 3428 886 3484 'renerum
897 3424 1214 3493 'lurmquenumeuaeis

375 3504 535 3565 Femineae
552 3509 710 3566 ardentem
728 3520 873 3575 curaeque
889 3502 1009 3567 meum
1024 3495 1195 3557 minimi*
1236 3503 1276 3541 Ψ*

359 3581 447 3641 Huic
464 3585 526 3643 dea
546 3587 695 3646 caeruleis
715 3600 812 3643 unum
830 3581 870 3636 de
888 3574 1019 3633 crinibus
1033 3577 1162 3628 anguem
