3242 4159
532 532 717 582 AENEIDOS
733 532 800 582 LIB.
821 533 873 584 IX.
1088 538 1138 589 267

342 615 448 671 clamat
458 613 563 670 Nisus:
587 630 638 668 nec
655 630 685 668 se
702 614 793 669 celare
809 614 935 669 tenebris
1099 632 1138 673 sas

342 690 424 758 plius,
442 692 491 743 aut
508 692 617 744 tantum
635 688 727 757 potuit
737 689 868 780 perferre
886 690 1021 749 dolorem:
1063 717 1065 721 ·

362 782 414 832 me,
431 765 537 833 adsum,
555 764 603 833 qui
621 763 682 833 ieci,
699 764 727 817 in
744 780 789 819 me
806 766 958 821 convertite
975 768 1088 837 ionum,

342 841 443 896 intuli!
469 857 531 894 mea
548 840 623 894 fraus
641 840 742 906 omnis;
765 840 834 895 nihil
851 841 905 896 iste
921 858 973 897 nce
989 859 1080 914 ausus,

342 935 348 971 ε
365 917 471 987 potuit;
494 916 599 970 caelum
617 916 669 970 hoc
686 918 716 971 et
729 916 840 971 conscia
857 916 949 973 sidera
965 921 1068 988 testor3

342 998 406 1069 vtum
424 992 560 1047 infelicem
578 992 693 1045 nimium
710 991 810 1046 dilexit
827 993 952 1049 amicum.
1101 1009 1139 1050 tao

342 1071 364 1123 ia
382 1069 456 1123 dicta
473 1068 574 1140 dabatj
597 1067 648 1122 sed
665 1067 770 1122 viribus
788 1068 861 1123 ensis
878 1070 993 1127 adactus

342 1144 444 1198 nsabiit
461 1147 550 1197 costas
568 1147 598 1197 ct
615 1142 732 1197 candida
747 1147 861 1212 pectora
877 1147 989 1215 rumpit.

343 1220 417 1273 vitut
435 1219 568 1287 Euryalus
585 1217 650 1285 leto,
668 1218 851 1288 pulchrosque
867 1237 919 1290 per
935 1226 1012 1278 artus

342 1312 421 1363 cruor,
439 1295 522 1363 inque
540 1294 668 1349 humeros
684 1293 776 1348 cervix
793 1294 922 1364 conlapsa
938 1297 1087 1355 recumbit:

342 1388 447 1441 purcus
465 1370 550 1425 veluti
568 1386 631 1423 cum
648 1370 698 1424 flos
716 1369 836 1425 succisus
853 1374 947 1426 aratro
1101 1388 1138 1428 sss

342 1446 454 1516 ignescit
471 1446 595 1510 moriens
613 1445 719 1500 lassove
736 1462 874 1515 papavera
890 1447 959 1501 collo

343 1523 432 1577 uisere
450 1526 540 1593 caput,
558 1521 650 1590 pluvia
667 1538 730 1576 cum
746 1522 819 1576 forto
835 1527 992 1591 gravantur.

347 1599 432 1652 Nisus
449 1598 506 1652 ruit
523 1597 552 1651 in
570 1596 683 1665 medios,
701 1597 843 1667 solumque
860 1615 910 1667 per
928 1601 1016 1656 omnis
1125 1661 1128 1667 ,

343 1680 464 1729 scentem
482 1673 569 1742 petit;
591 1674 620 1726 in
638 1673 696 1726 solo
715 1672 863 1728 Volscente
880 1679 1010 1731 moratur.

343 1768 377 1804 cm
401 1750 502 1804 circum
525 1749 670 1818 glomerati
693 1748 786 1803 hostes
808 1749 870 1803 hinc
886 1751 1038 1806 comminus
1054 1759 1140 1821 atque

357 1826 422 1880 hinc
654 1863 659 1872 ,
1102 1842 1140 1881 sio

344 1900 466 1957 turbant
504 1900 596 1954 Instat
612 1916 666 1953 non
684 1897 777 1965 sotius,
796 1914 828 1952 ac
845 1901 920 1952 rotat
935 1915 1029 1955 ensem

343 1977 473 2045 mineum,
490 1975 578 2030 donec
598 1974 693 2028 Rutuli
712 1973 857 2027 clamantis
873 1973 902 2028 in
919 1990 967 2029 cre

343 2053 423 2107 uidit
439 2052 562 2119 adverso,
580 2054 610 2105 et
627 2050 746 2105 moriens
763 2048 882 2104 animam
898 2048 1014 2107 abstulit
1030 2052 1111 2110 nosti.

343 2147 357 2183 n
378 2145 459 2197 super
477 2127 632 2181 exanimum
650 2142 711 2180 sese
727 2125 845 2194 proiecit
862 2126 979 2181 amicum

343 2206 444 2270 tessus,
462 2202 623 2273 placidaque
641 2201 680 2255 ibi
698 2201 809 2255 demum
827 2205 916 2257 morte
933 2203 1046 2272 quievit.
1104 2219 1141 2260 ass

343 2280 470 2334 'ortunati
489 2278 583 2333 ambo!
606 2280 629 2331 si
647 2277 715 2347 quid
732 2293 794 2331 moa
811 2277 932 2332 carmina
948 2284 1071 2349 possunt,

343 2357 375 2410 la
393 2355 453 2409 dies
470 2371 600 2424 umquam
618 2353 733 2407 memori
750 2368 798 2405 vos
817 2352 921 2407 eximet
937 2369 1011 2421 aevo,

343 2450 363 2486 n
382 2433 480 2485 domus
499 2434 610 2485 Aeneae
629 2429 746 2498 Capitoli
764 2427 896 2481 inmobile
912 2444 1009 2482 saxum

343 2509 413 2573 silet,
431 2508 621 2576 inperiumque
639 2509 719 2574 pater
738 2503 878 2556 Romanus
895 2502 1016 2559 habebit

343 2586 453 2639 'ictores
470 2584 575 2653 praeda
593 2581 690 2636 Rutuli
707 2579 856 2649 spoliisque
872 2580 962 2649 potiti,
1103 2597 1142 2637 tto

345 2670 466 2715 scentem
484 2660 639 2714 exanimum
657 2658 756 2712 flentes
773 2656 802 2709 in
820 2661 912 2710 castra
928 2656 1064 2713 ferebant.

344 2757 349 2790 e
366 2738 455 2791 minor
472 2737 501 2790 in
518 2736 616 2790 castris
634 2735 725 2788 luctus
744 2732 900 2787 Rhamnete
917 2738 1028 2801 reperto

343 2814 431 2882 angui
448 2817 477 2867 ct
495 2812 591 2881 primis
609 2828 663 2865 una
681 2813 724 2864 tot
741 2808 827 2863 caede
843 2810 1003 2880 peremptis,

344 2906 461 2958 ranoqne
480 2889 634 2956 Numaque.
671 2887 773 2954 Ingens
791 2901 938 2939 concursus
954 2886 990 2939 ad
1008 2887 1069 2956 ipsa

344 2983 412 3034 pora
430 2964 628 3032 seminecisque
646 2962 718 3016 viros
735 2961 885 3030 tepidoque
903 2966 1041 3016 recentem
1105 2977 1141 3017 loo

346 3042 383 3094 do
401 3042 488 3094 locum
507 3045 535 3094 et
553 3041 647 3107 plenos
666 3036 803 3105 spumanti
823 3040 952 3103 sanguine
969 3037 1049 3091 rivos.

344 3120 473 3185 {noscunt
491 3117 577 3185 spolia
594 3115 668 3168 inter
686 3129 716 3166 so
733 3112 895 3181 galeamque
912 3112 1048 3166 nitentem

344 3193 411 3262 napi
428 3197 457 3247 et
475 3193 561 3246 multo
578 3191 703 3260 phaleras
721 3187 823 3242 sudore
840 3191 972 3256 receptas.

344 3270 362 3324 lt
379 3270 434 3323 iam
450 3269 540 3338 prima
557 3284 626 3322 novo
644 3264 792 3335 spargebat
809 3262 912 3318 lumine
929 3267 1019 3319 terras

344 3346 399 3398 roni
417 3362 542 3399 croceum
559 3344 685 3412 linquens
703 3341 813 3394 Aurora
829 3338 933 3396 cubile:
1104 3355 1141 3398 sat

344 3440 350 3475 ι
369 3421 426 3475 sole
443 3421 538 3489 infuso,
557 3422 612 3475 iam
630 3417 714 3474 rebus
730 3416 794 3472 luce
810 3418 941 3487 retectis,

344 3513 389 3548 nus
405 3496 434 3549 in
453 3513 531 3551 arma
550 3497 635 3569 viros,
655 3496 747 3554 armis
763 3493 966 3553 circumsecus
977 3495 1062 3563 'lpum

344 3570 401 3638 ilat
420 3576 597 3645 aeratasque
614 3576 697 3633 acics
716 3576 752 3633 in
767 3574 891 3649 proelia
908 3570 995 3642 eog'h·
