<?xml version="1.0" encoding="UTF-8"?>
<!DOCTYPE html PUBLIC "-//W3C//DTD XHTML 1.0 Transitional//EN"
    "http://www.w3.org/TR/xhtml1/DTD/xhtml1-transitional.dtd">
<html xmlns="http://www.w3.org/1999/xhtml" xml:lang="en" lang="en">
 <head>
  <title>
</title>
<meta http-equiv="Content-Type" content="text/html;charset=utf-8" />
  <meta name='ocr-system' content='tesseract 3.04.00' />
  <meta name='ocr-capabilities' content='ocr_page ocr_carea ocr_par ocr_line ocrx_word'/>
</head>
<body>
  <div class='ocr_page' id='page_1' title='image "./publivergilimar00conigoog/publivergilimar00conigoog_0119.png"; bbox 0 0 3242 4159; ppageno 0'>
   <div class='ocr_carea' id='block_1_1' title="bbox 392 484 1254 1164">
    <p class='ocr_par' dir='ltr' id='par_1_1' title="bbox 392 484 1254 1164">
     <span class='ocr_line' id='line_1_1' title="bbox 669 484 1253 537; baseline 0.007 -4"><span class='ocrx_word' id='word_1_1' title='bbox 669 484 851 534; x_wconf 86' lang='lat' dir='ltr'><strong>AENEIDOS</strong></span> <span class='ocrx_word' id='word_1_2' title='bbox 869 485 937 533; x_wconf 80' lang='lat' dir='ltr'><strong>LIB,</strong></span> <span class='ocrx_word' id='word_1_3' title='bbox 958 487 979 533; x_wconf 93' lang='lat' dir='ltr'><strong>l.</strong></span> <span class='ocrx_word' id='word_1_4' title='bbox 1223 491 1253 537; x_wconf 83' lang='lat'><strong>99</strong></span> 
     </span>
     <span class='ocr_line' id='line_1_2' title="bbox 393 562 1103 632; baseline 0 -14"><span class='ocrx_word' id='word_1_5' title='bbox 393 562 499 618; x_wconf 79' lang='lat' dir='ltr'><strong>Frater</strong></span> <span class='ocrx_word' id='word_1_6' title='bbox 515 565 555 618; x_wconf 85' lang='lat' dir='ltr'><strong>ut&#39;</strong></span> <span class='ocrx_word' id='word_1_7' title='bbox 567 565 677 617; x_wconf 77' lang='lat' dir='ltr'><strong>Aeneas</strong></span> <span class='ocrx_word' id='word_1_8' title='bbox 694 564 792 632; x_wconf 78' lang='lat' dir='ltr'>pelago</span> <span class='ocrx_word' id='word_1_9' title='bbox 813 567 878 619; x_wconf 86' lang='lat' dir='ltr'><strong>tuus</strong></span> <span class='ocrx_word' id='word_1_10' title='bbox 896 565 987 618; x_wconf 88' lang='lat' dir='ltr'><strong>omnia</strong></span> <span class='ocrx_word' id='word_1_11' title='bbox 1002 565 1103 619; x_wconf 87' lang='lat' dir='ltr'><strong>circum</strong></span> 
     </span>
     <span class='ocr_line' id='line_1_3' title="bbox 393 638 1081 708; baseline -0.001 -14"><span class='ocrx_word' id='word_1_12' title='bbox 393 638 493 694; x_wconf 79' lang='lat' dir='ltr'><strong>Litora</strong></span> <span class='ocrx_word' id='word_1_13' title='bbox 509 639 629 694; x_wconf 90' lang='lat' dir='ltr'><strong>iactetur</strong></span> <span class='ocrx_word' id='word_1_14' title='bbox 646 639 718 693; x_wconf 89' lang='lat' dir='ltr'><strong>odiis</strong></span> <span class='ocrx_word' id='word_1_15' title='bbox 737 640 850 693; x_wconf 86' lang='lat' dir='ltr'><strong>Iunonis</strong></span> <span class='ocrx_word' id='word_1_16' title='bbox 866 639 983 708; x_wconf 83' lang='lat' dir='ltr'>iniquae,</span> <span class='ocrx_word' id='word_1_17' title='bbox 1032 657 1034 666; x_wconf 92' lang='lat'>·</span> <span class='ocrx_word' id='word_1_18' title='bbox 1078 650 1081 656; x_wconf 88' lang='grc'><strong>’</strong></span> 
     </span>
     <span class='ocr_line' id='line_1_4' title="bbox 393 715 1059 784; baseline -0.002 -13"><span class='ocrx_word' id='word_1_19' title='bbox 393 715 471 771; x_wconf 85' lang='lat' dir='ltr'><strong>Nota</strong></span> <span class='ocrx_word' id='word_1_20' title='bbox 488 716 549 783; x_wconf 88' lang='lat' dir='ltr'><strong>tibi,</strong></span> <span class='ocrx_word' id='word_1_21' title='bbox 568 719 597 769; x_wconf 88' lang='lat' dir='ltr'><strong>et</strong></span> <span class='ocrx_word' id='word_1_22' title='bbox 615 718 709 769; x_wconf 86' lang='lat' dir='ltr'><strong>nostro</strong></span> <span class='ocrx_word' id='word_1_23' title='bbox 727 716 841 770; x_wconf 88' lang='lat' dir='ltr'><strong>doluisti</strong></span> <span class='ocrx_word' id='word_1_24' title='bbox 859 732 940 784; x_wconf 76' lang='lat' dir='ltr'><strong>saepe</strong></span> <span class='ocrx_word' id='word_1_25' title='bbox 958 717 1059 771; x_wconf 89' lang='lat' dir='ltr'><strong>doloro.</strong></span> 
     </span>
     <span class='ocr_line' id='line_1_5' title="bbox 393 791 1254 861; baseline 0.002 -15"><span class='ocrx_word' id='word_1_26' title='bbox 393 791 480 846; x_wconf 90' lang='lat' dir='ltr'><strong>Hunc</strong></span> <span class='ocrx_word' id='word_1_27' title='bbox 498 791 648 847; x_wconf 81' lang='lat' dir='ltr'><strong>Phoenissa</strong></span> <span class='ocrx_word' id='word_1_28' title='bbox 664 795 743 845; x_wconf 85' lang='lat' dir='ltr'><strong>tenet</strong></span> <span class='ocrx_word' id='word_1_29' title='bbox 761 791 834 845; x_wconf 89' lang='lat' dir='ltr'><strong>Dido</strong></span> <span class='ocrx_word' id='word_1_30' title='bbox 851 791 1013 861; x_wconf 83' lang='lat' dir='ltr'>blandisque</span> <span class='ocrx_word' id='word_1_31' title='bbox 1030 798 1154 847; x_wconf 89' lang='lat' dir='ltr'><strong>moratur</strong></span> <span class='ocrx_word' id='word_1_32' title='bbox 1216 808 1254 850; x_wconf 78' lang='lat' dir='ltr'><strong>oro</strong></span> 
     </span>
     <span class='ocr_line' id='line_1_6' title="bbox 392 867 1088 936; baseline 0.001 -14"><span class='ocrx_word' id='word_1_33' title='bbox 392 867 531 934; x_wconf 83' lang='lat' dir='ltr'><strong>Vocibus3</strong></span> <span class='ocrx_word' id='word_1_34' title='bbox 552 870 582 922; x_wconf 85' lang='lat' dir='ltr'><strong>ct</strong></span> <span class='ocrx_word' id='word_1_35' title='bbox 599 884 704 935; x_wconf 84' lang='lat' dir='ltr'><strong>vereor,</strong></span> <span class='ocrx_word' id='word_1_36' title='bbox 722 884 777 936; x_wconf 89' lang='lat' dir='ltr'><strong>quo</strong></span> <span class='ocrx_word' id='word_1_37' title='bbox 795 884 825 921; x_wconf 90' lang='lat' dir='ltr'><strong>se</strong></span> <span class='ocrx_word' id='word_1_38' title='bbox 844 868 960 921; x_wconf 89' lang='lat' dir='ltr'><strong>Iunonia</strong></span> <span class='ocrx_word' id='word_1_39' title='bbox 978 871 1088 923; x_wconf 85' lang='lat' dir='ltr'><strong>vertant</strong></span> 
     </span>
     <span class='ocr_line' id='line_1_7' title="bbox 393 943 1112 1013; baseline -0.001 -15"><span class='ocrx_word' id='word_1_40' title='bbox 393 943 540 1013; x_wconf 89' lang='lat' dir='ltr'><strong>Hospitia;</strong></span> <span class='ocrx_word' id='word_1_41' title='bbox 560 944 634 997; x_wconf 86' lang='lat' dir='ltr'><strong>haud</strong></span> <span class='ocrx_word' id='word_1_42' title='bbox 651 943 730 998; x_wconf 90' lang='lat' dir='ltr'><strong>tanto</strong></span> <span class='ocrx_word' id='word_1_43' title='bbox 748 943 867 998; x_wconf 76' lang='lat' dir='ltr'><strong>cessabit</strong></span> <span class='ocrx_word' id='word_1_44' title='bbox 885 944 996 997; x_wconf 89' lang='lat' dir='ltr'><strong>cardine</strong></span> <span class='ocrx_word' id='word_1_45' title='bbox 1013 962 1112 999; x_wconf 85' lang='lat' dir='ltr'><strong>rerum.</strong></span> 
     </span>
     <span class='ocr_line' id='line_1_8' title="bbox 393 1020 1114 1090; baseline -0.001 -17"><span class='ocrx_word' id='word_1_46' title='bbox 393 1021 528 1084; x_wconf 80' lang='lat' dir='ltr'>Quocirca</span> <span class='ocrx_word' id='word_1_47' title='bbox 545 1036 643 1090; x_wconf 88' lang='lat' dir='ltr'><strong>capere</strong></span> <span class='ocrx_word' id='word_1_48' title='bbox 661 1022 726 1073; x_wconf 86' lang='lat' dir='ltr'><strong>ante</strong></span> <span class='ocrx_word' id='word_1_49' title='bbox 744 1020 814 1073; x_wconf 88' lang='lat' dir='ltr'><strong>dolis</strong></span> <span class='ocrx_word' id='word_1_50' title='bbox 832 1024 861 1074; x_wconf 89' lang='lat' dir='ltr'><strong>et</strong></span> <span class='ocrx_word' id='word_1_51' title='bbox 879 1021 988 1087; x_wconf 82' lang='lat' dir='ltr'><strong>cingere</strong></span> <span class='ocrx_word' id='word_1_52' title='bbox 1005 1020 1114 1074; x_wconf 87' lang='lat' dir='ltr'><strong>flamma</strong></span> 
     </span>
     <span class='ocr_line' id='line_1_9' title="bbox 393 1096 1089 1164; baseline 0.001 -15"><span class='ocrx_word' id='word_1_53' title='bbox 393 1097 530 1163; x_wconf 85' lang='lat' dir='ltr'><strong>Reginam</strong></span> <span class='ocrx_word' id='word_1_54' title='bbox 547 1096 673 1161; x_wconf 87' lang='lat' dir='ltr'><strong>meditor,</strong></span> <span class='ocrx_word' id='word_1_55' title='bbox 691 1112 727 1149; x_wconf 90' lang='lat' dir='ltr'><strong>ne</strong></span> <span class='ocrx_word' id='word_1_56' title='bbox 745 1113 799 1164; x_wconf 89' lang='lat' dir='ltr'><strong>quo</strong></span> <span class='ocrx_word' id='word_1_57' title='bbox 818 1114 847 1150; x_wconf 93' lang='lat' dir='ltr'><strong>se</strong></span> <span class='ocrx_word' id='word_1_58' title='bbox 865 1097 975 1149; x_wconf 89' lang='lat' dir='ltr'><strong>numine</strong></span> <span class='ocrx_word' id='word_1_59' title='bbox 993 1101 1089 1160; x_wconf 88' lang='lat' dir='ltr'><strong>mutet,</strong></span> 
     </span>
    </p>
   </div>
   <div class='ocr_carea' id='block_1_2' title="bbox 391 1172 1250 1698">
    <p class='ocr_par' dir='ltr' id='par_1_2' title="bbox 392 1172 1250 1393">
     <span class='ocr_line' id='line_1_10' title="bbox 392 1172 1250 1241; baseline -0.002 -14"><span class='ocrx_word' id='word_1_60' title='bbox 392 1172 451 1227; x_wconf 81' lang='lat' dir='ltr'><strong>Sed</strong></span> <span class='ocrx_word' id='word_1_61' title='bbox 468 1189 568 1241; x_wconf 86' lang='lat' dir='ltr'><strong>magno</strong></span> <span class='ocrx_word' id='word_1_62' title='bbox 587 1173 699 1226; x_wconf 82' lang='lat' dir='ltr'><strong>Aeneae</strong></span> <span class='ocrx_word' id='word_1_63' title='bbox 718 1188 826 1225; x_wconf 89' lang='lat' dir='ltr'><strong>meeum</strong></span> <span class='ocrx_word' id='word_1_64' title='bbox 843 1175 972 1225; x_wconf 88' lang='lat' dir='ltr'><strong>tencatur</strong></span> <span class='ocrx_word' id='word_1_65' title='bbox 990 1190 1088 1225; x_wconf 89' lang='lat' dir='ltr'><strong>amore.</strong></span> <span class='ocrx_word' id='word_1_66' title='bbox 1214 1187 1250 1227; x_wconf 74' lang='lat' dir='ltr'><strong>ou</strong></span> 
     </span>
     <span class='ocr_line' id='line_1_11' title="bbox 392 1248 1209 1316; baseline 0 -15"><span class='ocrx_word' id='word_1_67' title='bbox 392 1249 455 1313; x_wconf 81' lang='lat' dir='ltr'><strong>Qua</strong></span> <span class='ocrx_word' id='word_1_68' title='bbox 472 1249 564 1303; x_wconf 84' lang='lat' dir='ltr'><strong>facere</strong></span> <span class='ocrx_word' id='word_1_69' title='bbox 580 1249 610 1302; x_wconf 90' lang='lat' dir='ltr'><strong>id</strong></span> <span class='ocrx_word' id='word_1_70' title='bbox 627 1248 721 1316; x_wconf 84' lang='lat' dir='ltr'><strong>possis,</strong></span> <span class='ocrx_word' id='word_1_71' title='bbox 739 1251 862 1301; x_wconf 87' lang='lat' dir='ltr'><strong>nostram</strong></span> <span class='ocrx_word' id='word_1_72' title='bbox 880 1265 951 1301; x_wconf 90' lang='lat' dir='ltr'><strong>nunc</strong></span> <span class='ocrx_word' id='word_1_73' title='bbox 969 1248 1060 1315; x_wconf 82' lang='lat' dir='ltr'><strong>accipe</strong></span> <span class='ocrx_word' id='word_1_74' title='bbox 1078 1251 1209 1301; x_wconf 84' lang='lat' dir='ltr'><strong>mentem:</strong></span> 
     </span>
     <span class='ocr_line' id='line_1_12' title="bbox 392 1323 993 1393; baseline -0.005 -15"><span class='ocrx_word' id='word_1_75' title='bbox 392 1325 498 1393; x_wconf 85' lang='lat' dir='ltr'><strong>Regius</strong></span> <span class='ocrx_word' id='word_1_76' title='bbox 515 1325 604 1378; x_wconf 88' lang='lat' dir='ltr'><strong>accitu</strong></span> <span class='ocrx_word' id='word_1_77' title='bbox 622 1323 677 1377; x_wconf 86' lang='lat' dir='ltr'><strong>cari</strong></span> <span class='ocrx_word' id='word_1_78' title='bbox 695 1324 827 1391; x_wconf 85' lang='lat' dir='ltr'><strong>genitoris</strong></span> <span class='ocrx_word' id='word_1_79' title='bbox 845 1325 880 1376; x_wconf 89' lang='lat' dir='ltr'><strong>ad</strong></span> <span class='ocrx_word' id='word_1_80' title='bbox 898 1324 993 1377; x_wconf 89' lang='lat' dir='ltr'><strong>urbem</strong></span> 
     </span>
    </p>

    <p class='ocr_par' dir='ltr' id='par_1_3' title="bbox 392 1400 1094 1469">
     <span class='ocr_line' id='line_1_13' title="bbox 392 1400 1094 1469; baseline 0 -16"><span class='ocrx_word' id='word_1_81' title='bbox 392 1400 533 1454; x_wconf 84' lang='lat' dir='ltr'><strong>Sidoniam</strong></span> <span class='ocrx_word' id='word_1_82' title='bbox 550 1417 619 1469; x_wconf 91' lang='lat' dir='ltr'><strong>puer</strong></span> <span class='ocrx_word' id='word_1_83' title='bbox 635 1400 676 1453; x_wconf 87' lang='lat' dir='ltr'><strong>iro</strong></span> <span class='ocrx_word' id='word_1_84' title='bbox 693 1403 780 1468; x_wconf 88' lang='lat' dir='ltr'><strong>parat,</strong></span> <span class='ocrx_word' id='word_1_85' title='bbox 800 1417 861 1453; x_wconf 90' lang='lat' dir='ltr'><strong>mea</strong></span> <span class='ocrx_word' id='word_1_86' title='bbox 879 1416 1005 1452; x_wconf 79' lang='lat' dir='ltr'><strong>maxuma</strong></span> <span class='ocrx_word' id='word_1_87' title='bbox 1023 1416 1094 1467; x_wconf 85' lang='lat' dir='ltr'><strong>cura,</strong></span> 
     </span>
    </p>

    <p class='ocr_par' dir='ltr' id='par_1_4' title="bbox 391 1476 1250 1698">
     <span class='ocr_line' id='line_1_14' title="bbox 391 1476 1167 1544; baseline 0 -15"><span class='ocrx_word' id='word_1_88' title='bbox 391 1476 473 1530; x_wconf 85' lang='lat' dir='ltr'><strong>Dona</strong></span> <span class='ocrx_word' id='word_1_89' title='bbox 490 1477 590 1543; x_wconf 73' lang='lat' dir='ltr'><strong>fereae,</strong></span> <span class='ocrx_word' id='word_1_90' title='bbox 607 1476 704 1544; x_wconf 81' lang='lat' dir='ltr'><strong>pelago</strong></span> <span class='ocrx_word' id='word_1_91' title='bbox 723 1479 752 1529; x_wconf 90' lang='lat' dir='ltr'><strong>et</strong></span> <span class='ocrx_word' id='word_1_92' title='bbox 771 1476 887 1529; x_wconf 87' lang='lat' dir='ltr'><strong>flammis</strong></span> <span class='ocrx_word' id='word_1_93' title='bbox 905 1477 1039 1529; x_wconf 86' lang='lat' dir='ltr'><strong>restantia</strong></span> <span class='ocrx_word' id='word_1_94' title='bbox 1057 1476 1167 1540; x_wconf 63' lang='lat' dir='ltr'><strong>Troiam</strong></span> 
     </span>
     <span class='ocr_line' id='line_1_15' title="bbox 392 1552 1250 1621; baseline 0 -15"><span class='ocrx_word' id='word_1_95' title='bbox 392 1553 476 1607; x_wconf 88' lang='lat' dir='ltr'><strong>Hunc</strong></span> <span class='ocrx_word' id='word_1_96' title='bbox 493 1569 544 1621; x_wconf 83' lang='lat' dir='ltr'><strong>ego</strong></span> <span class='ocrx_word' id='word_1_97' title='bbox 563 1554 681 1621; x_wconf 86' lang='lat' dir='ltr'><strong>sopitum</strong></span> <span class='ocrx_word' id='word_1_98' title='bbox 700 1569 793 1605; x_wconf 88' lang='lat' dir='ltr'><strong>somno</strong></span> <span class='ocrx_word' id='word_1_99' title='bbox 813 1569 895 1620; x_wconf 88' lang='lat' dir='ltr'><strong>super</strong></span> <span class='ocrx_word' id='word_1_100' title='bbox 912 1552 968 1605; x_wconf 89' lang='lat' dir='ltr'><strong>alta</strong></span> <span class='ocrx_word' id='word_1_101' title='bbox 987 1553 1105 1621; x_wconf 70' lang='lat' dir='ltr'><strong>Cythera</strong></span> <span class='ocrx_word' id='word_1_102' title='bbox 1212 1569 1250 1606; x_wconf 73' lang='lat' dir='ltr'><strong>rso</strong></span> 
     </span>
     <span class='ocr_line' id='line_1_16' title="bbox 391 1628 1071 1698; baseline -0.003 -17"><span class='ocrx_word' id='word_1_103' title='bbox 391 1630 453 1682; x_wconf 84' lang='lat' dir='ltr'><strong>Aut</strong></span> <span class='ocrx_word' id='word_1_104' title='bbox 472 1645 555 1698; x_wconf 85' lang='lat' dir='ltr'><strong>super</strong></span> <span class='ocrx_word' id='word_1_105' title='bbox 573 1628 692 1681; x_wconf 87' lang='lat' dir='ltr'><strong>Idalium</strong></span> <span class='ocrx_word' id='word_1_106' title='bbox 711 1632 818 1681; x_wconf 88' lang='lat' dir='ltr'><strong>saerata</strong></span> <span class='ocrx_word' id='word_1_107' title='bbox 836 1628 901 1681; x_wconf 83' lang='lat' dir='ltr'><strong>sede</strong></span> <span class='ocrx_word' id='word_1_108' title='bbox 920 1628 1071 1694; x_wconf 85' lang='lat' dir='ltr'><strong>recondam,</strong></span> 
     </span>
    </p>
   </div>
   <div class='ocr_carea' id='block_1_3' title="bbox 337 1704 1279 3741">
    <p class='ocr_par' dir='ltr' id='par_1_5' title="bbox 390 1704 1118 1773">
     <span class='ocr_line' id='line_1_17' title="bbox 390 1704 1118 1773; baseline 0 -17"><span class='ocrx_word' id='word_1_109' title='bbox 390 1704 417 1756; x_wconf 84' lang='lat' dir='ltr'>N</span> <span class='ocrx_word' id='word_1_110' title='bbox 419 1722 436 1757; x_wconf 91' lang='lat' dir='ltr'><strong>e</strong></span> <span class='ocrx_word' id='word_1_111' title='bbox 454 1722 509 1773; x_wconf 85' lang='lat' dir='ltr'><strong>qua</strong></span> <span class='ocrx_word' id='word_1_112' title='bbox 527 1705 595 1759; x_wconf 86' lang='lat' dir='ltr'><strong>seire</strong></span> <span class='ocrx_word' id='word_1_113' title='bbox 614 1704 690 1757; x_wconf 91' lang='lat' dir='ltr'><strong>dolos</strong></span> <span class='ocrx_word' id='word_1_114' title='bbox 707 1704 848 1757; x_wconf 79' lang='lat' dir='ltr'><strong>mediusve</strong></span> <span class='ocrx_word' id='word_1_115' title='bbox 867 1721 1007 1757; x_wconf 84' lang='lat' dir='ltr'><strong>occurrero</strong></span> <span class='ocrx_word' id='word_1_116' title='bbox 1024 1705 1118 1771; x_wconf 84' lang='lat' dir='ltr'><strong>possit.</strong></span> 
     </span>
    </p>

    <p class='ocr_par' dir='ltr' id='par_1_6' title="bbox 357 1779 1248 2685">
     <span class='ocr_line' id='line_1_18' title="bbox 357 1779 1064 1847; baseline -0.003 -15"><span class='ocrx_word' id='word_1_117' title='bbox 357 1779 361 1786; x_wconf 89' lang='lat'>&#39;</span> <span class='ocrx_word' id='word_1_118' title='bbox 389 1780 432 1832; x_wconf 83' lang='lat' dir='ltr'><strong>&#39;l&#39;u</strong></span> <span class='ocrx_word' id='word_1_119' title='bbox 450 1780 546 1834; x_wconf 87' lang='lat' dir='ltr'><strong>faeiem</strong></span> <span class='ocrx_word' id='word_1_120' title='bbox 563 1780 635 1834; x_wconf 92' lang='lat' dir='ltr'><strong>illius</strong></span> <span class='ocrx_word' id='word_1_121' title='bbox 653 1784 761 1834; x_wconf 90' lang='lat' dir='ltr'><strong>noctem</strong></span> <span class='ocrx_word' id='word_1_122' title='bbox 779 1797 834 1833; x_wconf 91' lang='lat' dir='ltr'><strong>non</strong></span> <span class='ocrx_word' id='word_1_123' title='bbox 851 1780 966 1847; x_wconf 90' lang='lat' dir='ltr'><strong>amplius</strong></span> <span class='ocrx_word' id='word_1_124' title='bbox 983 1796 1064 1831; x_wconf 90' lang='lat' dir='ltr'><strong>unam</strong></span> 
     </span>
     <span class='ocr_line' id='line_1_19' title="bbox 389 1855 1102 1925; baseline -0.003 -16"><span class='ocrx_word' id='word_1_125' title='bbox 389 1856 469 1909; x_wconf 80' lang='lat' dir='ltr'><strong>Fallo</strong></span> <span class='ocrx_word' id='word_1_126' title='bbox 487 1856 558 1924; x_wconf 91' lang='lat' dir='ltr'><strong>dolo,</strong></span> <span class='ocrx_word' id='word_1_127' title='bbox 576 1861 605 1910; x_wconf 92' lang='lat' dir='ltr'><strong>et</strong></span> <span class='ocrx_word' id='word_1_128' title='bbox 623 1861 702 1910; x_wconf 90' lang='lat' dir='ltr'><strong>notos</strong></span> <span class='ocrx_word' id='word_1_129' title='bbox 721 1855 798 1925; x_wconf 88' lang='lat' dir='ltr'><strong>pueri</strong></span> <span class='ocrx_word' id='word_1_130' title='bbox 817 1873 886 1925; x_wconf 89' lang='lat' dir='ltr'><strong>puer</strong></span> <span class='ocrx_word' id='word_1_131' title='bbox 904 1856 987 1908; x_wconf 91' lang='lat' dir='ltr'><strong>indue</strong></span> <span class='ocrx_word' id='word_1_132' title='bbox 1005 1856 1102 1923; x_wconf 77' lang='lat' dir='ltr'><strong>voltus,</strong></span> 
     </span>
     <span class='ocr_line' id='line_1_20' title="bbox 388 1931 1248 2001; baseline 0 -15"><span class='ocrx_word' id='word_1_133' title='bbox 388 1932 438 1999; x_wconf 89' lang='lat' dir='ltr'><strong>Ut,</strong></span> <span class='ocrx_word' id='word_1_134' title='bbox 458 1949 520 1986; x_wconf 90' lang='lat' dir='ltr'><strong>cum</strong></span> <span class='ocrx_word' id='word_1_135' title='bbox 537 1937 567 1986; x_wconf 89' lang='lat' dir='ltr'><strong>te</strong></span> <span class='ocrx_word' id='word_1_136' title='bbox 584 1933 689 2001; x_wconf 89' lang='lat' dir='ltr'><strong>gremio</strong></span> <span class='ocrx_word' id='word_1_137' title='bbox 710 1933 824 2000; x_wconf 78' lang='lat' dir='ltr'><strong>accipiet</strong></span> <span class='ocrx_word' id='word_1_138' title='bbox 842 1932 991 1986; x_wconf 89' lang='lat' dir='ltr'><strong>laetissima</strong></span> <span class='ocrx_word' id='word_1_139' title='bbox 1010 1931 1082 1985; x_wconf 86' lang='lat' dir='ltr'><strong>Dido</strong></span> <span class='ocrx_word' id='word_1_140' title='bbox 1212 1948 1248 1986; x_wconf 71' lang='lat' dir='ltr'><strong>aas</strong></span> 
     </span>
     <span class='ocr_line' id='line_1_21' title="bbox 389 2008 1046 2077; baseline -0.002 -15"><span class='ocrx_word' id='word_1_141' title='bbox 389 2008 502 2076; x_wconf 84' lang='lat' dir='ltr'><strong>Regalis</strong></span> <span class='ocrx_word' id='word_1_142' title='bbox 520 2008 593 2062; x_wconf 87' lang='lat' dir='ltr'><strong>inter</strong></span> <span class='ocrx_word' id='word_1_143' title='bbox 610 2025 717 2062; x_wconf 87' lang='lat' dir='ltr'><strong>mensas</strong></span> <span class='ocrx_word' id='word_1_144' title='bbox 736 2009 899 2077; x_wconf 88' lang='lat' dir='ltr'><strong>laticemque</strong></span> <span class='ocrx_word' id='word_1_145' title='bbox 918 2009 1046 2077; x_wconf 85' lang='lat' dir='ltr'><strong>Lyaeum,</strong></span> 
     </span>
     <span class='ocr_line' id='line_1_22' title="bbox 389 2084 1129 2153; baseline 0.001 -16"><span class='ocrx_word' id='word_1_146' title='bbox 389 2084 461 2138; x_wconf 80' lang='lat' dir='ltr'><strong>Cum</strong></span> <span class='ocrx_word' id='word_1_147' title='bbox 480 2084 558 2138; x_wconf 89' lang='lat' dir='ltr'><strong>dabit</strong></span> <span class='ocrx_word' id='word_1_148' title='bbox 575 2085 716 2153; x_wconf 87' lang='lat' dir='ltr'><strong>amplexus</strong></span> <span class='ocrx_word' id='word_1_149' title='bbox 735 2088 818 2153; x_wconf 87' lang='lat' dir='ltr'><strong>atquo</strong></span> <span class='ocrx_word' id='word_1_150' title='bbox 837 2086 928 2139; x_wconf 88' lang='lat' dir='ltr'><strong>oscula</strong></span> <span class='ocrx_word' id='word_1_151' title='bbox 947 2085 1037 2138; x_wconf 87' lang='lat' dir='ltr'><strong>dulcia</strong></span> <span class='ocrx_word' id='word_1_152' title='bbox 1054 2085 1129 2152; x_wconf 87' lang='lat' dir='ltr'><strong>figet,</strong></span> 
     </span>
     <span class='ocr_line' id='line_1_23' title="bbox 388 2160 1057 2231; baseline 0.003 -18"><span class='ocrx_word' id='word_1_153' title='bbox 388 2160 536 2213; x_wconf 88' lang='lat' dir='ltr'><strong>Occultum</strong></span> <span class='ocrx_word' id='word_1_154' title='bbox 553 2160 669 2230; x_wconf 87' lang='lat' dir='ltr'><strong>inspires</strong></span> <span class='ocrx_word' id='word_1_155' title='bbox 687 2162 777 2229; x_wconf 90' lang='lat' dir='ltr'><strong>ignem</strong></span> <span class='ocrx_word' id='word_1_156' title='bbox 795 2162 928 2231; x_wconf 83' lang='lat' dir='ltr'><strong>fallasque</strong></span> <span class='ocrx_word' id='word_1_157' title='bbox 945 2177 1057 2215; x_wconf 76' lang='lat' dir='ltr'><strong>veneno.</strong></span> 
     </span>
     <span class='ocr_line' id='line_1_24' title="bbox 388 2235 1071 2305; baseline 0.001 -17"><span class='ocrx_word' id='word_1_158' title='bbox 388 2235 476 2290; x_wconf 85' lang='lat' dir='ltr'><strong>Paret</strong></span> <span class='ocrx_word' id='word_1_159' title='bbox 495 2238 582 2290; x_wconf 89' lang='lat' dir='ltr'><strong>Amor</strong></span> <span class='ocrx_word' id='word_1_160' title='bbox 599 2236 681 2290; x_wconf 90' lang='lat' dir='ltr'><strong>dictis</strong></span> <span class='ocrx_word' id='word_1_161' title='bbox 699 2253 778 2290; x_wconf 88' lang='lat' dir='ltr'><strong>carae</strong></span> <span class='ocrx_word' id='word_1_162' title='bbox 795 2239 949 2305; x_wconf 84' lang='lat' dir='ltr'><strong>genetricis,</strong></span> <span class='ocrx_word' id='word_1_163' title='bbox 967 2241 997 2290; x_wconf 89' lang='lat' dir='ltr'><strong>ct</strong></span> <span class='ocrx_word' id='word_1_164' title='bbox 1014 2237 1071 2290; x_wconf 87' lang='lat' dir='ltr'><strong>alas</strong></span> 
     </span>
     <span class='ocr_line' id='line_1_25' title="bbox 387 2312 1247 2381; baseline -0.001 -17"><span class='ocrx_word' id='word_1_165' title='bbox 387 2312 483 2380; x_wconf 79' lang='lat' dir='ltr'><strong>Exuit,</strong></span> <span class='ocrx_word' id='word_1_166' title='bbox 502 2316 531 2366; x_wconf 89' lang='lat' dir='ltr'><strong>et</strong></span> <span class='ocrx_word' id='word_1_167' title='bbox 547 2329 646 2381; x_wconf 84' lang='lat' dir='ltr'><strong>gressu</strong></span> <span class='ocrx_word' id='word_1_168' title='bbox 662 2313 785 2380; x_wconf 83' lang='lat' dir='ltr'><strong>gaudens</strong></span> <span class='ocrx_word' id='word_1_169' title='bbox 802 2314 906 2366; x_wconf 84' lang='lat' dir='ltr'><strong>incedit</strong></span> <span class='ocrx_word' id='word_1_170' title='bbox 925 2314 985 2366; x_wconf 85' lang='lat' dir='ltr'><strong>Iuli.</strong></span> <span class='ocrx_word' id='word_1_171' title='bbox 1210 2326 1247 2363; x_wconf 70' lang='lat' dir='ltr'><strong>«m</strong></span> 
     </span>
     <span class='ocr_line' id='line_1_26' title="bbox 388 2387 1181 2458; baseline -0.006 -16"><span class='ocrx_word' id='word_1_172' title='bbox 388 2389 432 2442; x_wconf 86' lang='lat' dir='ltr'><strong>At</strong></span> <span class='ocrx_word' id='word_1_173' title='bbox 450 2387 546 2442; x_wconf 84' lang='lat' dir='ltr'><strong>Venus</strong></span> <span class='ocrx_word' id='word_1_174' title='bbox 565 2390 683 2441; x_wconf 84' lang='lat' dir='ltr'><strong>Ascanio</strong></span> <span class='ocrx_word' id='word_1_175' title='bbox 701 2389 835 2458; x_wconf 88' lang='lat' dir='ltr'><strong>placidam</strong></span> <span class='ocrx_word' id='word_1_176' title='bbox 854 2406 905 2455; x_wconf 88' lang='lat' dir='ltr'><strong>per</strong></span> <span class='ocrx_word' id='word_1_177' title='bbox 920 2388 1043 2440; x_wconf 84' lang='lat' dir='ltr'><strong>membra</strong></span> <span class='ocrx_word' id='word_1_178' title='bbox 1062 2387 1181 2454; x_wconf 89' lang='lat' dir='ltr'><strong>quietem</strong></span> 
     </span>
     <span class='ocr_line' id='line_1_27' title="bbox 388 2463 1073 2532; baseline -0.004 -15"><span class='ocrx_word' id='word_1_179' title='bbox 388 2464 505 2531; x_wconf 87' lang='lat' dir='ltr'><strong>Inrigat,</strong></span> <span class='ocrx_word' id='word_1_180' title='bbox 524 2467 553 2519; x_wconf 85' lang='lat' dir='ltr'><strong>et</strong></span> <span class='ocrx_word' id='word_1_181' title='bbox 570 2465 657 2518; x_wconf 85' lang='lat' dir='ltr'><strong>fotum</strong></span> <span class='ocrx_word' id='word_1_182' title='bbox 675 2466 779 2532; x_wconf 89' lang='lat' dir='ltr'><strong>gremio</strong></span> <span class='ocrx_word' id='word_1_183' title='bbox 799 2465 851 2516; x_wconf 87' lang='lat' dir='ltr'><strong>dea</strong></span> <span class='ocrx_word' id='word_1_184' title='bbox 868 2464 940 2517; x_wconf 90' lang='lat' dir='ltr'><strong>tollit</strong></span> <span class='ocrx_word' id='word_1_185' title='bbox 958 2463 986 2515; x_wconf 90' lang='lat' dir='ltr'><strong>in</strong></span> <span class='ocrx_word' id='word_1_186' title='bbox 1004 2464 1073 2515; x_wconf 85' lang='lat' dir='ltr'><strong>altos</strong></span> 
     </span>
     <span class='ocr_line' id='line_1_28' title="bbox 389 2539 1021 2608; baseline -0.005 -16"><span class='ocrx_word' id='word_1_187' title='bbox 389 2539 497 2593; x_wconf 84' lang='lat' dir='ltr'><strong>Idaliae</strong></span> <span class='ocrx_word' id='word_1_188' title='bbox 514 2540 597 2608; x_wconf 88' lang='lat' dir='ltr'><strong>lucos,</strong></span> <span class='ocrx_word' id='word_1_189' title='bbox 615 2540 662 2593; x_wconf 86' lang='lat' dir='ltr'><strong>ubi</strong></span> <span class='ocrx_word' id='word_1_190' title='bbox 680 2541 768 2593; x_wconf 89' lang='lat' dir='ltr'><strong>mollis</strong></span> <span class='ocrx_word' id='word_1_191' title='bbox 787 2557 926 2593; x_wconf 75' lang='lat' dir='ltr'><strong>anaaraeus</strong></span> <span class='ocrx_word' id='word_1_192' title='bbox 944 2540 1021 2592; x_wconf 91' lang='lat' dir='ltr'><strong>illum</strong></span> 
     </span>
     <span class='ocr_line' id='line_1_29' title="bbox 388 2615 1133 2685; baseline -0.004 -16"><span class='ocrx_word' id='word_1_193' title='bbox 388 2615 517 2669; x_wconf 82' lang='lat' dir='ltr'><strong>Floribus</strong></span> <span class='ocrx_word' id='word_1_194' title='bbox 535 2620 564 2670; x_wconf 86' lang='lat' dir='ltr'><strong>ct</strong></span> <span class='ocrx_word' id='word_1_195' title='bbox 582 2616 655 2670; x_wconf 90' lang='lat' dir='ltr'><strong>dulci</strong></span> <span class='ocrx_word' id='word_1_196' title='bbox 673 2617 815 2685; x_wconf 88' lang='lat' dir='ltr'><strong>adspirans</strong></span> <span class='ocrx_word' id='word_1_197' title='bbox 833 2616 1013 2684; x_wconf 85' lang='lat' dir='ltr'><strong>conplectitur</strong></span> <span class='ocrx_word' id='word_1_198' title='bbox 1030 2616 1133 2667; x_wconf 77' lang='lat' dir='ltr'><strong>uurlrra.</strong></span> 
     </span>
    </p>

    <p class='ocr_par' dir='ltr' id='par_1_7' title="bbox 426 2692 1246 2761">
     <span class='ocr_line' id='line_1_30' title="bbox 426 2692 1246 2761; baseline -0.004 -16"><span class='ocrx_word' id='word_1_199' title='bbox 426 2692 542 2759; x_wconf 81' lang='lat' dir='ltr'><strong>Iamque</strong></span> <span class='ocrx_word' id='word_1_200' title='bbox 559 2692 619 2751; x_wconf 81' lang='lat' dir='ltr'><strong>ibat</strong></span> <span class='ocrx_word' id='word_1_201' title='bbox 638 2693 712 2746; x_wconf 90' lang='lat' dir='ltr'><strong>dicto</strong></span> <span class='ocrx_word' id='word_1_202' title='bbox 731 2709 831 2761; x_wconf 88' lang='lat' dir='ltr'><strong>parens</strong></span> <span class='ocrx_word' id='word_1_203' title='bbox 850 2697 879 2745; x_wconf 90' lang='lat' dir='ltr'><strong>et</strong></span> <span class='ocrx_word' id='word_1_204' title='bbox 898 2692 969 2746; x_wconf 90' lang='lat' dir='ltr'><strong>dona</strong></span> <span class='ocrx_word' id='word_1_205' title='bbox 988 2692 1094 2760; x_wconf 76' lang='lat' dir='ltr'><strong>Cupido</strong></span> <span class='ocrx_word' id='word_1_206' title='bbox 1211 2708 1246 2744; x_wconf 59' lang='lat' dir='ltr'><strong>‹aar›</strong></span> 
     </span>
    </p>

    <p class='ocr_par' dir='ltr' id='par_1_8' title="bbox 378 2767 1279 3530">
     <span class='ocr_line' id='line_1_31' title="bbox 388 2767 1066 2836; baseline 0.001 -15"><span class='ocrx_word' id='word_1_207' title='bbox 388 2767 480 2835; x_wconf 83' lang='lat' dir='ltr'><strong>Regia</strong></span> <span class='ocrx_word' id='word_1_208' title='bbox 496 2767 625 2835; x_wconf 86' lang='lat' dir='ltr'><strong>portabat</strong></span> <span class='ocrx_word' id='word_1_209' title='bbox 643 2769 737 2836; x_wconf 78' lang='lat' dir='ltr'><strong>Tyriis,</strong></span> <span class='ocrx_word' id='word_1_210' title='bbox 756 2768 826 2822; x_wconf 82' lang='lat' dir='ltr'><strong>(lucc</strong></span> <span class='ocrx_word' id='word_1_211' title='bbox 844 2768 932 2822; x_wconf 88' lang='lat' dir='ltr'><strong>laetus</strong></span> <span class='ocrx_word' id='word_1_212' title='bbox 952 2768 1066 2822; x_wconf 82' lang='lat' dir='ltr'><strong>Achate.</strong></span> 
     </span>
     <span class='ocr_line' id='line_1_32' title="bbox 388 2844 1059 2914; baseline 0 -16"><span class='ocrx_word' id='word_1_213' title='bbox 388 2844 460 2898; x_wconf 87' lang='lat' dir='ltr'><strong>Cmn</strong></span> <span class='ocrx_word' id='word_1_214' title='bbox 478 2844 561 2910; x_wconf 80' lang='lat' dir='ltr'><strong>venit,</strong></span> <span class='ocrx_word' id='word_1_215' title='bbox 579 2844 682 2898; x_wconf 85' lang='lat' dir='ltr'><strong>aulaeis</strong></span> <span class='ocrx_word' id='word_1_216' title='bbox 700 2844 754 2897; x_wconf 89' lang='lat' dir='ltr'><strong>iam</strong></span> <span class='ocrx_word' id='word_1_217' title='bbox 774 2862 804 2898; x_wconf 86' lang='lat' dir='ltr'><strong>se</strong></span> <span class='ocrx_word' id='word_1_218' title='bbox 821 2845 916 2913; x_wconf 87' lang='lat' dir='ltr'><strong>regina</strong></span> <span class='ocrx_word' id='word_1_219' title='bbox 934 2845 1059 2914; x_wconf 82' lang='lat' dir='ltr'><strong>superbis</strong></span> 
     </span>
     <span class='ocr_line' id='line_1_33' title="bbox 388 2920 1083 2990; baseline 0.001 -18"><span class='ocrx_word' id='word_1_220' title='bbox 388 2920 486 2972; x_wconf 88' lang='lat' dir='ltr'><strong>Aurea</strong></span> <span class='ocrx_word' id='word_1_221' title='bbox 503 2921 646 2988; x_wconf 87' lang='lat' dir='ltr'><strong>conposuit</strong></span> <span class='ocrx_word' id='word_1_222' title='bbox 665 2920 769 2988; x_wconf 87' lang='lat' dir='ltr'><strong>sponda</strong></span> <span class='ocrx_word' id='word_1_223' title='bbox 786 2922 960 2990; x_wconf 87' lang='lat' dir='ltr'><strong>mediamque</strong></span> <span class='ocrx_word' id='word_1_224' title='bbox 979 2921 1083 2975; x_wconf 83' lang='lat' dir='ltr'><strong>locavit.</strong></span> 
     </span>
     <span class='ocr_line' id='line_1_34' title="bbox 388 2996 1073 3064; baseline 0 -16"><span class='ocrx_word' id='word_1_225' title='bbox 388 2996 451 3049; x_wconf 89' lang='lat' dir='ltr'><strong>Iam</strong></span> <span class='ocrx_word' id='word_1_226' title='bbox 469 2998 549 3064; x_wconf 85' lang='lat' dir='ltr'><strong>pater</strong></span> <span class='ocrx_word' id='word_1_227' title='bbox 568 2997 678 3050; x_wconf 85' lang='lat' dir='ltr'><strong>Aeneas</strong></span> <span class='ocrx_word' id='word_1_228' title='bbox 696 3001 724 3050; x_wconf 88' lang='lat' dir='ltr'><strong>et</strong></span> <span class='ocrx_word' id='word_1_229' title='bbox 742 2997 795 3050; x_wconf 92' lang='lat' dir='ltr'><strong>iam</strong></span> <span class='ocrx_word' id='word_1_230' title='bbox 815 2997 929 3050; x_wconf 87' lang='lat' dir='ltr'><strong>Troiana</strong></span> <span class='ocrx_word' id='word_1_231' title='bbox 947 2998 1073 3050; x_wconf 78' lang='lat' dir='ltr'><strong>iuventus</strong></span> 
     </span>
     <span class='ocr_line' id='line_1_35' title="bbox 388 3071 1246 3142; baseline -0.003 -18"><span class='ocrx_word' id='word_1_232' title='bbox 388 3071 571 3140; x_wconf 81' lang='lat' dir='ltr'><strong>Conveniunt,</strong></span> <span class='ocrx_word' id='word_1_233' title='bbox 590 3075 732 3142; x_wconf 89' lang='lat' dir='ltr'><strong>stratoque</strong></span> <span class='ocrx_word' id='word_1_234' title='bbox 750 3091 833 3141; x_wconf 87' lang='lat' dir='ltr'><strong>super</strong></span> <span class='ocrx_word' id='word_1_235' title='bbox 852 3074 1031 3127; x_wconf 86' lang='lat' dir='ltr'><strong>discumbitur</strong></span> <span class='ocrx_word' id='word_1_236' title='bbox 1048 3076 1128 3124; x_wconf 89' lang='lat' dir='ltr'><strong>ostro.</strong></span> <span class='ocrx_word' id='word_1_237' title='bbox 1210 3085 1246 3123; x_wconf 70' lang='lat' dir='ltr'><strong>roo</strong></span> 
     </span>
     <span class='ocr_line' id='line_1_36' title="bbox 387 3146 1210 3217; baseline -0.004 -15"><span class='ocrx_word' id='word_1_238' title='bbox 387 3148 466 3202; x_wconf 82' lang='lat' dir='ltr'><strong>Dant</strong></span> <span class='ocrx_word' id='word_1_239' title='bbox 482 3149 577 3203; x_wconf 85' lang='lat' dir='ltr'><strong>famuli</strong></span> <span class='ocrx_word' id='word_1_240' title='bbox 595 3149 719 3202; x_wconf 87' lang='lat' dir='ltr'><strong>manibus</strong></span> <span class='ocrx_word' id='word_1_241' title='bbox 737 3150 866 3217; x_wconf 77' lang='lat' dir='ltr'><strong>lymphas,</strong></span> <span class='ocrx_word' id='word_1_242' title='bbox 886 3151 1068 3215; x_wconf 82' lang='lat' dir='ltr'><strong>Cereremque</strong></span> <span class='ocrx_word' id='word_1_243' title='bbox 1086 3146 1210 3199; x_wconf 80' lang='lat' dir='ltr'><strong>canistris</strong></span> 
     </span>
     <span class='ocr_line' id='line_1_37' title="bbox 388 3224 1068 3294; baseline -0.006 -16"><span class='ocrx_word' id='word_1_244' title='bbox 388 3224 559 3294; x_wconf 79' lang='lat' dir='ltr'><strong>Expediunt‚</strong></span> <span class='ocrx_word' id='word_1_245' title='bbox 576 3226 719 3293; x_wconf 85' lang='lat' dir='ltr'><strong>tonsisque</strong></span> <span class='ocrx_word' id='word_1_246' title='bbox 737 3228 828 3279; x_wconf 76' lang='lat' dir='ltr'><strong>ferrmt</strong></span> <span class='ocrx_word' id='word_1_247' title='bbox 845 3226 974 3279; x_wconf 82' lang='lat' dir='ltr'><strong>nnmtelia</strong></span> <span class='ocrx_word' id='word_1_248' title='bbox 992 3226 1068 3277; x_wconf 79' lang='lat' dir='ltr'><strong>villis.</strong></span> 
     </span>
     <span class='ocr_line' id='line_1_38' title="bbox 388 3299 1186 3371; baseline -0.004 -17"><span class='ocrx_word' id='word_1_249' title='bbox 388 3299 596 3370; x_wconf 86' lang='lat' dir='ltr'><strong>Quinquaginta</strong></span> <span class='ocrx_word' id='word_1_250' title='bbox 613 3302 688 3354; x_wconf 88' lang='lat' dir='ltr'><strong>intus</strong></span> <span class='ocrx_word' id='word_1_251' title='bbox 706 3302 831 3369; x_wconf 87' lang='lat' dir='ltr'><strong>famulae,</strong></span> <span class='ocrx_word' id='word_1_252' title='bbox 849 3302 948 3371; x_wconf 88' lang='lat' dir='ltr'><strong>quibus</strong></span> <span class='ocrx_word' id='word_1_253' title='bbox 966 3301 1060 3353; x_wconf 87' lang='lat' dir='ltr'><strong>ordine</strong></span> <span class='ocrx_word' id='word_1_254' title='bbox 1078 3299 1186 3365; x_wconf 86' lang='lat' dir='ltr'><strong>longam</strong></span> 
     </span>
     <span class='ocr_line' id='line_1_39' title="bbox 388 3376 1180 3442; baseline -0.005 -11"><span class='ocrx_word' id='word_1_255' title='bbox 388 3377 464 3431; x_wconf 79' lang='lat' dir='ltr'><strong>Cura</strong></span> <span class='ocrx_word' id='word_1_256' title='bbox 475 3393 580 3442; x_wconf 88' lang='lat' dir='ltr'><strong>penum</strong></span> <span class='ocrx_word' id='word_1_257' title='bbox 597 3381 712 3437; x_wconf 82' lang='lat' dir='ltr'><strong>struere,</strong></span> <span class='ocrx_word' id='word_1_258' title='bbox 731 3381 760 3431; x_wconf 90' lang='lat' dir='ltr'><strong>et</strong></span> <span class='ocrx_word' id='word_1_259' title='bbox 777 3378 897 3434; x_wconf 84' lang='lat' dir='ltr'><strong>flammis</strong></span> <span class='ocrx_word' id='word_1_260' title='bbox 915 3377 1028 3433; x_wconf 85' lang='lat' dir='ltr'><strong>adolere</strong></span> <span class='ocrx_word' id='word_1_261' title='bbox 1045 3376 1180 3440; x_wconf 64' lang='lat' dir='ltr'><strong>leuatis,</strong></span> 
     </span>
     <span class='ocr_line' id='line_1_40' title="bbox 378 3449 1279 3530; baseline 0.008 -33"><span class='ocrx_word' id='word_1_262' title='bbox 378 3449 498 3530; x_wconf 67' lang='lat' dir='ltr'><strong>Gaurum</strong></span> <span class='ocrx_word' id='word_1_263' title='bbox 514 3449 587 3502; x_wconf 82' lang='lat' dir='ltr'><strong>aliae</strong></span> <span class='ocrx_word' id='word_1_264' title='bbox 606 3451 783 3524; x_wconf 84' lang='lat' dir='ltr'><strong>totidemque</strong></span> <span class='ocrx_word' id='word_1_265' title='bbox 801 3475 890 3528; x_wconf 87' lang='lat' dir='ltr'><strong>pares</strong></span> <span class='ocrx_word' id='word_1_266' title='bbox 909 3461 1007 3514; x_wconf 81' lang='lat' dir='ltr'><strong>aetate</strong></span> <span class='ocrx_word' id='word_1_267' title='bbox 1023 3453 1164 3516; x_wconf 76' lang='lat' dir='ltr'><strong>ministri,</strong></span> <span class='ocrx_word' id='word_1_268' title='bbox 1235 3464 1279 3506; x_wconf 75' lang='lat' dir='ltr'><strong>aaa</strong></span> 
     </span>
    </p>

    <p class='ocr_par' dir='ltr' id='par_1_9' title="bbox 363 3517 1161 3627">
     <span class='ocr_line' id='line_1_41' title="bbox 363 3517 1161 3627; baseline 0.004 -45"><span class='ocrx_word' id='word_1_269' title='bbox 363 3517 418 3576; x_wconf 73' lang='lat'><strong>0¹1¹</strong></span> <span class='ocrx_word' id='word_1_270' title='bbox 430 3518 557 3627; x_wconf 51' lang='lat' dir='ltr'><strong>gemtus</strong></span> <span class='ocrx_word' id='word_1_271' title='bbox 574 3541 689 3580; x_wconf 82' lang='lat' dir='ltr'><strong>mensas</strong></span> <span class='ocrx_word' id='word_1_272' title='bbox 707 3541 837 3606; x_wconf 70' lang='lat' dir='ltr'><strong>merent</strong></span> <span class='ocrx_word' id='word_1_273' title='bbox 853 3541 888 3612; x_wconf 59' lang='lat' dir='ltr'><strong>eg</strong></span> <span class='ocrx_word' id='word_1_274' title='bbox 905 3538 1016 3611; x_wconf 74' lang='lat' dir='ltr'><strong>poeula</strong></span> <span class='ocrx_word' id='word_1_275' title='bbox 1033 3537 1161 3609; x_wconf 79' lang='lat' dir='ltr'><strong>ponant..</strong></span> 
     </span>
    </p>

    <p class='ocr_par' dir='ltr' id='par_1_10' title="bbox 337 3613 1279 3741">
     <span class='ocr_line' id='line_1_42' title="bbox 711 3613 941 3692; baseline 0.013 -3.767"><span class='ocrx_word' id='word_1_276' title='bbox 711 3649 721 3662; x_wconf 84' lang='grc'><em>“</em></span> <span class='ocrx_word' id='word_1_277' title='bbox 748 3613 840 3679; x_wconf 39' lang='grc' dir='ltr'><strong>““”’“4ἑ1</strong></span> <span class='ocrx_word' id='word_1_278' title='bbox 866 3615 941 3692; x_wconf 54' lang='grc' dir='ltr'><strong>ἔκη’</strong></span> 
     </span>
     <span class='ocr_line' id='line_1_43' title="bbox 337 3705 1279 3741; baseline 0 0"><span class='ocrx_word' id='word_1_279' title='bbox 337 3705 772 3741; x_wconf 40' lang='grc' dir='ltr'><strong>-ῌΠ</strong></span> <span class='ocrx_word' id='word_1_280' title='bbox 1135 3720 1279 3741; x_wconf 35' lang='grc'><em>4,..-</em></span> 
     </span>
    </p>
   </div>
   <div class='ocr_carea' id='block_1_4' title="bbox 0 0 1626 4159">
    <p class='ocr_par' dir='ltr' id='par_1_11' title="bbox 0 0 1626 4159">
     <span class='ocr_line' id='line_1_44' title="bbox 0 0 1626 4159; baseline 0 2"><span class='ocrx_word' id='word_1_281' title='bbox 0 0 1626 4159; x_wconf 95' lang='lat' dir='ltr'><strong> </strong></span> 
     </span>
    </p>
   </div>
  </div>
 </body>
</html>
