3242 4159
450 538 463 546 -
486 461 500 535 Ι
647 518 828 568 AENEIDOS
845 519 914 568 LIB.
933 520 983 569 VI.
1191 522 1238 568 195

389 595 503 657 Tah‘bus
521 600 632 655 Aeneas
649 599 791 653 ardentem
809 602 839 652 ct
856 603 935 653 torva
951 604 1075 655 tuentem

388 679 509 732 Lenibat
527 675 609 729 dictis
626 674 754 743 animum,
771 674 951 744 lacrimasque
968 675 1063 731 ciebat

388 754 443 807 Illa
461 752 519 807 solo
536 751 605 804 fixos
622 751 714 804 oculos
731 766 828 804 aversa
844 751 971 820 tenebat·

387 830 416 883 Ν
416 846 448 883 66
465 827 552 895 magis
569 827 677 895 incepto
695 825 799 880 voltum
817 842 942 881 sermone
958 831 1092 897 movetur,
1202 842 1239 885 lna

388 905 478 970 Quam
495 904 519 957 si
537 902 607 955 dura
624 901 692 955 silex
710 904 758 954 aut
776 904 833 955 stet
851 901 988 970 Marpesia
1005 907 1106 958 cautes

388 981 511 1035 Tandem
529 977 662 1045 corripuit
680 993 747 1045 sese,
765 980 849 1045 atquo
866 978 975 1032 inimica
992 980 1095 1048 refugit

389 1057 425 1110 In
442 1071 538 1110 nemus
555 1053 742 1120 umbriferum,
760 1052 877 1106 coniunx
895 1054 943 1107 uhi
960 1055 1092 1125 pristinus
1108 1056 1151 1110 illi

390 1131 549 1200 Respondet
566 1128 639 1182 euris
656 1132 810 1197 aequatque
830 1129 966 1197 Sychaeus
983 1146 1119 1186 amorem·

389 1208 414 1260 N
418 1224 448 1260 ec
466 1206 555 1260 minus
573 1205 691 1272 Aeneas,
710 1220 774 1257 casu
791 1220 935 1258 concussus
953 1206 1052 1275 iniquo,
1201 1221 1239 1263 611

390 1283 571 1351 Prosequitur
587 1280 730 1334 lacrimans
747 1279 835 1348 longe,
854 1283 884 1334 et
900 1281 1047 1335 miseratum
1063 1287 1181 1338 euntem

426 1358 497 1411 Inde
515 1358 611 1411 datum
629 1355 741 1409 molitur
750 1356 819 1434 ,iter
858 1356 971 1425 lamque
988 1374 1054 1411 arva
1069 1359 1204 1414 tenebant

390 1433 502 1498 Ultima
520 1449 590 1501 quae
608 1430 678 1485 bello
697 1430 762 1483 clari
781 1434 888 1485 secreta
904 1431 1087 1500 frequentant

391 1510 446 1564 Hic
463 1510 502 1562 illi
520 1508 637 1562 occurrit
655 1507 769 1576 Tydeus,
788 1507 833 1560 hic
849 1506 966 1562 inclutus
983 1509 1066 1563 armis

391 1585 613 1652 Parthenopaeus
630 1586 660 1637 et
679 1583 793 1637 Adrasti
811 1583 938 1650 pallentis
956 1584 1060 1653 imago;
1200 1598 1239 1642 lea

391 1661 447 1714 Hic
464 1660 580 1713 multum
598 1658 658 1713 fleti
676 1659 712 1712 ad
729 1675 842 1727 superos
860 1658 987 1730 belloque
1004 1660 1097 1716 caduci

391 1735 573 1802 Dardanidae,
591 1750 659 1803 quos
676 1734 722 1787 ille
739 1734 826 1787 omnis
843 1734 923 1803 longo
941 1735 1037 1790 ordine
1054 1753 1169 1790 cernens

391 1813 538 1880 Ingemuit,
557 1810 742 1878 Glaucumque
760 1809 947 1879 Medontaque
966 1810 1231 1880 Thersilochumque,

391 1889 451 1942 Tris
470 1886 661 1954 Antenoridas,
681 1886 830 1953 Cererique
848 1902 954 1939 sacrum
973 1886 1164 1955 Polyphoeten,

391 1962 569 2032 Idaeumque,
588 1964 670 2016 etiam
688 1979 790 2031 currus,
809 1962 892 2015 etiam
910 1978 987 2016 arma
1003 1966 1151 2017 tenentem.
1200 1978 1238 2019 ast

392 2041 577 2095 Circumstant
594 2039 699 2092 animae
718 2038 816 2092 dextra
833 2038 965 2108 laevaque
982 2040 1147 2107 frequentes.

391 2116 418 2169 N
420 2132 450 2170 oc
468 2114 569 2168 vidisse
586 2114 669 2167 semel
688 2114 753 2168 satis
772 2116 829 2180 est;
846 2114 1025 2184 iuratusque
1042 2115 1151 2183 morari,

351 2205 354 2209 ·
392 2192 430 2245 Et
446 2190 569 2245 conferre
586 2190 710 2258 madum,
728 2193 758 2244 61
775 2190 903 2244 veniendi
921 2190 1027 2245 discere
1045 2207 1160 2245 1666666.

392 2268 433 2321 At
450 2266 574 2319 Danaum
591 2281 718 2333 proceres
736 2266 1023 2334 Agamemnoniaeque
1041 2266 1190 2334 phalanges

393 2342 433 2396 Ut
450 2341 543 2395 ridere
560 2341 648 2395 virum
665 2341 852 2409 hilgentiaque
869 2357 945 2394 arma
962 2357 1013 2409 per
1028 2340 1147 2409 umbras,
1200 2354 1238 2397 111

395 2417 504 2485 Ingenti
521 2416 660 2485 trepidare
678 2420 769 2483 metu;
786 2432 852 2485 pars
869 2418 978 2470 1611616
994 2418 1081 2484 terga,

391 2495 449 2547 Ceu
467 2492 604 2562 qnondam
620 2493 727 2562 petiere
745 2495 834 2556 rates3
850 2508 915 2561 pars
933 2490 1029 2545 tollere
1046 2507 1139 2546 vocem

391 2569 540 2637 Exiguam:
558 2569 682 2636 inceptus
699 2568 800 2621 clamor
817 2568 967 2622 frustratur
984 2567 1091 2621 hiantis

428 2647 524 2715 Atque
541 2644 586 2699 hic
604 2645 760 2699 Priamiden
777 2643 909 2698 laniatum
926 2660 1039 2712 corpore
1056 2646 1116 2698 1616

390 2721 566 2790 Deiphobum
583 2721 659 2775 videt
677 2724 705 2774 et
723 2721 842 2774 lacerum
859 2720 1008 2774 crudeliter
1025 2736 1081 2788 ora,
1201 2733 1239 2775 aas

391 2797 450 2851 Ora
466 2813 615 2865 manusque
634 2796 735 2864 ambas,
754 2796 938 2866 populataque
954 2798 1080 2865 tempora
1096 2795 1184 2864 raptis

393 2872 522 2939 Auribus,
541 2876 570 2926 et
586 2876 696 2926 truncas
714 2872 856 2927 inhonesto
873 2872 983 2926 volnere
999 2872 1079 2926 naris.

391 2948 449 3003 Vix
466 2947 535 3001 adeo
553 2947 683 3015 adgnovit
700 2949 868 3016 pavitantem
886 2951 915 3002 61
933 2948 994 3001 dira
1011 2949 1150 3014 tegentem

392 3023 539 3093 Supplicia,
556 3027 586 3077 et
602 3023 675 3077 notis
692 3023 837 3092 compellat
855 3023 966 3077 vocibus
984 3022 1069 3076 ultro:

391 3099 537 3169 Deiphobe
548 3099 722 3168 armipotens,
733 3116 821 3168 genus
832 3098 888 3151 alto
900 3116 917 3151 a
928 3098 1059 3165 sanguine
1071 3093 1175 3162 Teucri,
1201 3108 1239 3149 eoo

392 3175 461 3240 Quis
478 3178 535 3230 tam
553 3175 671 3229 crudelis
688 3175 793 3243 optarit
811 3189 920 3227 sumere
937 3172 1054 3241 poenasl

392 3252 445 3306 Oui
462 3254 571 3305 tantum
589 3251 625 3305 de
642 3254 671 3305 te
688 3250 782 3304 licuit?
817 3248 887 3302 Mihi
903 3249 977 3302 fama
993 3262 1119 3315 suprema

391 3326 482 3381 Nocte
499 3327 563 3381 tulit
580 3327 683 3381 fessum
700 3331 778 3380 vasta
794 3328 825 3379 16
842 3324 927 3379 caede
946 3323 1091 3390 Pelasgum

392 3402 574 3457 Procubuisse
589 3419 674 3470 snper
690 3402 819 3457 confusae
837 3400 940 3471 stragis
957 3408 1102 3455 aceruum:

384 3476 459 3526 Tune
475 3481 585 3541 egomet
604 3478 743 3533 tumulum
763 3479 898 3535 Rhoeteo
914 3479 947 3534 in
962 3478 1054 3534 litore
1068 3475 1193 3528 inanem
1233 3477 1273 3517 w

370 3545 516 3659 0⁰¹²I⁸Jf¹¹12
536 3554 568 3605 0⁶
585 3568 690 3623 magna
709 3554 811 3615 Manis
831 3561 881 3615 ter
901 3552 1110 3615 1666166611.
