3242 4159
384 525 414 570 56
618 521 648 569 Ρ.
667 522 820 570 VERGILI
837 520 1001 569 MARONIS

384 602 521 655 Plurimus
539 600 694 655 Alburnum
711 601 837 670 volitans,
854 601 898 655 cui
915 618 1014 656 nomeu
1030 604 1098 658 asilo
1153 599 1155 602 ’

384 678 536 732 Romanum
554 681 605 744 est,
624 680 745 732 oestrum
764 678 840 731 Graii
858 682 967 732 vertere
984 684 1119 750 vocantes,

384 756 482 823 Asper,
501 753 600 807 acerba
618 770 723 822 sonans,
743 770 796 822 quo
816 758 876 807 tota
894 756 1027 809 exterrita
1044 756 1119 811 silvis

384 830 537 898 Diffugiunt
554 833 693 894 armenta;
709 830 776 883 furit
793 830 944 899 mugitibus
961 833 1058 886 aether
1204 848 1240 889 15⁰

384 907 535 961 Concussus
554 907 691 974 silvaeque
709 910 739 960 61
757 907 820 961 sicci
838 908 897 975 ripa
915 908 1038 977 Tanagri.

385 983 447 1037 Hoc
464 983 600 1052 quondam
620 987 742 1037 monstro
759 982 897 1037 horribilis
915 985 1037 1038 exercuit
1053 986 1109 1040 iras

385 1058 512 1130 Inachiae
531 1058 600 1112 Iuno
618 1062 725 1127 pestem
743 1059 878 1113 meditata
894 1060 1030 1114 iuvencae.

385 1135 468 1190 Hunc
486 1152 602 1204 quoque,
620 1152 683 1188 nam
701 1135 799 1189 mediis
817 1135 968 1189 fervoribus
986 1136 1075 1190 acrior
1090 1138 1184 1206 instat,

385 1213 502 1267 Arccbis
519 1212 632 1280 gravido
650 1212 748 1280 pecori,
766 1215 945 1281 armentaque
963 1229 1057 1281 pasces
1203 1228 1239 1268 111

386 1289 448 1344 Sole
466 1305 560 1342 recens
578 1292 638 1342 orto
656 1291 705 1342 aut
722 1292 831 1342 noctem
849 1288 1011 1342 ducentibus
1029 1290 1119 1346 astris.

421 1365 487 1419 Post
504 1369 613 1434 partum
632 1382 696 1419 cura
713 1365 741 1419 in
759 1365 858 1419 vitulos
876 1365 1031 1419 traducitur
1048 1365 1152 1431 omuis;

386 1442 575 1511 Continuoque
594 1445 673 1495 notas
691 1445 719 1496 et
736 1441 846 1495 nomina
862 1441 954 1510 gentis
971 1441 1090 1510 inurunt,

386 1518 423 1573 Et
441 1534 508 1587 quos
526 1521 574 1572 aut
593 1518 683 1586 pecori
701 1518 798 1571 malint
816 1517 979 1571 submittere
997 1518 1131 1587 habendo,

387 1597 446 1648 Aut
464 1595 518 1646 aris
536 1610 645 1647 servare
664 1610 759 1659 sacros,
778 1596 827 1648 aut
845 1594 970 1649 scindere
986 1597 1090 1649 terram
1203 1612 1239 1651 1so

387 1670 423 1723 ut
440 1686 564 1738 campum
582 1671 738 1723 horrentem
756 1670 850 1723 fractis
867 1671 1005 1724 invertere
1022 1671 1133 1739 glaebis

387 1746 486 1801 Oetern
502 1750 650 1815 pascuntur
668 1746 763 1800 viridis
781 1750 906 1801 armenta
922 1764 973 1815 per
990 1748 1102 1803 herbas:

387 1824 428 1877 'l'u
446 1840 514 1893 quos
531 1824 568 1877 ad
585 1824 705 1878 studium
723 1826 808 1892 atque
825 1840 904 1877 usum
921 1823 1051 1877 formabis
1068 1830 1216 1893 agrestem,

387 1900 448 1954 Iam
465 1901 564 1955 vitulos
582 1901 701 1966 hortare,
719 1900 845 1970 viamque
863 1900 958 1953 insiste
977 1900 1116 1967 domandi,

387 1976 460 2030 Dum
477 1977 570 2029 faciles
588 1976 671 2029 animi
689 1977 825 2043 iuvenum,
844 1976 910 2029 dum
928 1976 1034 2029 mobilis
1052 1978 1143 2031 aetas:
1204 1991 1241 2031 1s5

388 2053 430 2106 Ac
448 2053 565 2121 primum
583 2052 659 2105 laxos
677 2052 754 2105 tenui
772 2051 807 2105 de
826 2052 925 2105 vimine
942 2053 1038 2106 circlos

388 2129 493 2183 Cervici
511 2126 657 2193 subnecte3
676 2127 779 2193 dehinc,
797 2128 845 2181 ubi
862 2128 951 2181 libera
968 2128 1037 2182 oolla

387 2204 504 2259 Servilio
523 2204 670 2270 adsuerint,
689 2204 754 2272 ipsis
773 2221 789 2258 o
807 2204 952 2273 torquibus
970 2209 1049 2273 aptos

388 2281 475 2349 lunge
492 2295 580 2349 pares,
599 2283 628 2333 et
645 2296 711 2348 coge
729 2280 846 2347 gradum
863 2282 988 2335 conferre
1005 2282 1148 2347 iuvencos;

388 2359 483 2426 Atque
500 2355 553 2409 illis
570 2356 625 2410 iam
643 2373 723 2425 saepe
741 2359 819 2410 rotae
838 2358 973 2412 ducantur
990 2358 1084 2412 inanes
1145 2363 1149 2368 '
1205 2374 1243 2414 170

388 2433 442 2487 Per
459 2437 570 2503 terram,
588 2436 618 2487 61
636 2449 741 2486 summo
758 2434 876 2502 vestigia
893 2434 1005 2503 pulvere
1024 2435 1147 2502 signeut;

387 2509 453 2566 Post
472 2510 562 2564 valido
579 2510 670 2564 nitens
688 2509 738 2563 sub
756 2509 879 2579 pondere
897 2512 1003 2578 faginus
1021 2511 1080 2564 axis

388 2585 536 2655 Instrepat,
555 2589 584 2640 61
601 2586 708 2640 iunctos
726 2590 800 2642 temo
819 2577 913 2641 t'rahat
930 2604 1026 2641 aereus
1045 2587 1128 2641 orbis

388 2662 500 2716 Interea
516 2661 582 2729 pubi
600 2661 750 2715 indomitae
767 2680 822 2716 non
839 2664 964 2731 gramina
982 2666 1099 2731 tantum,

387 2738 413 2791 N
416 2754 447 2792 66
463 2754 557 2792 vescas
575 2737 686 2791 salicum
704 2738 816 2792 frondes
833 2740 978 2807 ulvamque
994 2741 1153 2809 palustrem,
1207 2755 1245 2795 175

387 2815 444 2869 Sed
454 2814 593 2867 frumenta
610 2830 692 2866 mauu
709 2830 804 2882 carpes
824 2819 899 2881 sata3
916 2834 967 2870 nec
984 2817 1036 2870 tibi
1053 2818 1136 2884 fetae,
1176 2861 1178 2863 .

387 2890 466 2944 More
483 2893 600 2960 patrum,
618 2890 697 2944 nivea
712 2890 856 2959 inplebunt
873 2892 1031 2947 mulctraria
1048 2909 1153 2960 vaccae,

387 2966 444 3022 Sed
462 2966 566 3021 totuin
584 2966 671 3020 dulcis
690 2972 850 3021 consument
867 2968 953 3022 ubera
969 2973 1055 3024 natos

422 3044 470 3099 Sin
487 3043 523 3098 ad
540 3042 613 3097 bella
631 3044 717 3113 magis
736 3044 859 3099 studium
877 3048 1037 3113 turmasque
1055 3045 1162 3115 ferocis,

387 3121 447 3175 Aut
466 3121 575 3189 Alphea
592 3120 661 3175 rotis
678 3120 801 3192 praelabi
818 3121 930 3175 flumina
949 3120 1035 3190 Pisae,
1208 3138 1247 3179 loo

387 3196 425 3250 Et
443 3197 516 3251 Iovis
532 3198 560 3251 in
578 3198 639 3251 luco
657 3213 753 3251 currus
770 3198 876 3265 agitare
893 3197 1024 3253 volantis:

388 3271 495 3327 Primus
513 3274 578 3343 equi
596 3274 673 3327 labor
691 3277 741 3342 est,
760 3275 865 3328 animos
882 3277 967 3342 atque
984 3291 1060 3329 arma
1078 3275 1174 3332 ridere

390 3348 553 3418 Bellantum,
570 3351 708 3419 lituosque
725 3350 791 3419 pati,
809 3353 954 3419 tractuque
971 3355 1128 3417 gementem

379 3424 469 3476 Ferro
485 3429 583 3494 rotam,
603 3430 633 3481 61
652 3426 763 3482 stabulo
781 3427 875 3481 frenos
892 3425 990 3479 audire
1007 3429 1151 3491 sonantis3

354 3495 436 3569 *Tum
453 3502 546 3569 magns
564 3508 656 3574 atque
673 3506 766 3577 magis
783 3504 902 3561 blandis
919 3501 1045 3571 gaudere
1060 3500 1196 3566 magistri
1222 3514 1267 3550 ms

409 3571 502 3631 'dibus
520 3583 555 3635 et
572 3581 698 3651 plausae
719 3585 851 3643 sonitum
869 3578 993 3638 66111616
1010 3587 1119 3630 smera
