3242 4159
642 520 834 571 BUCOLICA.
858 519 933 568 ECL.
946 517 1012 568 v11.
1223 519 1254 565 15

394 603 466 657 Huc
482 594 591 670 adeso
609 601 760 656 Meliboee!
778 611 861 668 caper
877 598 930 653 tibi
947 599 1038 654 salsus
1054 601 1085 654 et
1101 597 1199 663 haedi3

394 680 444 747 Et,
464 680 487 733 si
506 678 573 747 quid
592 695 699 733 cessare
717 680 808 747 potes,
820 677 963 746 requiesce
980 676 1032 730 sub
1049 674 1153 729 umbra
1231 687 1257 727 ιο

396 758 466 811 Huc
483 756 535 825 ipsi
551 761 648 825 potum
666 756 776 809 venient
793 773 844 826 per
860 759 941 825 prata
958 754 1080 818 iuvenci3

396 834 456 887 Hic
473 832 569 886 viridis
587 837 683 887 tenera
699 834 838 902 praetexit
855 833 989 887 arundine
1006 831 1079 900 ripas

395 910 526 975 Mincius,
545 925 616 978 eque
634 925 711 964 sacra
728 912 858 963 resonant
875 910 1001 963 examina
1018 924 1127 976 quercu.

397 985 476 1051 Quid
493 986 630 1041 facereml
648 1002 736 1054 neque
755 1001 806 1053 ege
825 986 970 1055 Alcippen,
987 1000 1077 1052 neque
1095 982 1221 1051 Phyllida

470 1061 616 1128 habebam,

399 1138 539 1206 llcpulsos
556 1154 574 1191 a
590 1137 662 1191 lacte
680 1136 753 1190 domi
772 1152 844 1204 quae
861 1136 1002 1190 clauderet
1020 1151 1120 1203 agnos3
1231 1147 1256 1186 15

397 1213 437 1267 Et
456 1218 596 1267 certamen
613 1215 682 1280 erat,
701 1212 827 1281 Corydon
844 1227 906 1264 cum
924 1211 1064 1280 Thyrside,
1080 1226 1217 1279 maguum.

398 1288 554 1342 Posthabui
571 1292 663 1342 tamen
680 1288 788 1341 illorum
807 1304 869 1341 mea
886 1288 957 1341 seria
974 1288 1046 1341 ludo.

403 1363 528 1418 Alternis
545 1364 632 1432 igitur
647 1364 816 1418 contendere
833 1363 958 1417 versibus
975 1363 1055 1417 ambo

398 1440 543 1508 Coeper03
560 1439 680 1493 alternos
697 1440 793 1494 Musae
811 1440 966 1493 meminisse
984 1438 1118 1493 volebant.

404 1517 465 1569 lios
484 1515 616 1585 Corydon,
635 1515 695 1568 illos
709 1516 853 1575 ,referebat
871 1515 899 1568 in
917 1516 1013 1570 ordine
1032 1514 1148 1583 Thyrsis.
1230 1530 1256 1568 ao

438 1590 468 1645 0.
502 1591 652 1661 Nymphae,
670 1595 764 1646 uester
781 1608 865 1657 amor,
885 1591 1064 1657 Libethrides,
1082 1595 1130 1645 aut
1146 1590 1213 1645 mihi

473 1684 589 1737 carmen,

402 1744 492 1809 Quale
509 1760 570 1798 mee
588 1744 685 1811 Codro,
704 1744 862 1808 concedite;
881 1743 1004 1810 proxima
1022 1742 1126 1796 Phoebi

403 1820 538 1874 Versibus
556 1820 602 1874 ille
618 1821 701 1886 facit3
719 1824 774 1886 aut,
793 1819 816 1871 si
834 1835 887 1871 non
905 1834 1049 1886 possumus
1066 1834 1167 1886 omnes,

406 1895 464 1949 Hic'
478 1899 577 1965 arguta
594 1912 670 1949 sacra
686 1894 819 1965 pendebit
837 1894 928 1947 fistula
945 1894 1018 1964 pinu.

406 1972 437 2027 T.
458 1971 592 2038 Pastores,
610 1971 712 2025 hedera
730 1974 886 2024 nascentem
903 1975 999 2024 ornate
1016 1974 1133 2040 poetam,
1230 1987 1255 2026 as

406 2046 539 2115 Arcades,
557 2046 660 2100 invidia
677 2050 840 2116 rumpantur
856 2051 888 2099 ut
905 2046 952 2099 ilia
971 2047 1077 2114 Codro;

404 2126 472 2188 Aut,
491 2123 513 2176 si
532 2124 604 2176 ultra
621 2122 753 2192 placitum
770 2122 898 2188 laudarit,
916 2121 1049 2177 bacclrare
1066 2125 1198 2179 frontem·

404 2199 522 2266 Cingite,
541 2200 649 2253 necati
667 2216 702 2254 no
750 2203 763 2253 t
781 2199 852 2252 mala
869 2199 961 2268 lingua
978 2200 1077 2256 futuro.
1098 2222 1100 2229 ¹

383 2287 388 2296 ⁸
441 2273 593 2329 &Saetosi
609 2216 759 2344 sepeliretis
776 2276 835 2342 apri
854 2275 913 2343 tibi,
931 2276 1016 2343 Delia,
1034 2292 1135 2346 parvus

406 2352 442 2406 lit
460 2366 566 2404 ramosa
584 2352 674 2406 Micon
691 2351 790 2405 vivacis
807 2368 908 2404 cornua
925 2353 1004 2405 cervi.
1228 2368 1254 2407 ae

402 2428 432 2482 Si
451 2428 590 2495 proprium
608 2428 659 2482 hoc
674 2428 764 2495 fucrit,
782 2427 835 2480 levi
853 2427 889 2480 dc
906 2443 1040 2506 marmore
1057 2430 1117 2481 tota

404 2502 524 2556 Puniceo
541 2502 627 2555 stabis
645 2518 721 2555 suras
739 2503 845 2555 evincta
863 2501 1001 2555 cothurno.

407 2578 437 2633 T.
458 2578 552 2632 Sinum
569 2578 649 2632 lactis
666 2582 694 2633 et
711 2579 778 2631 haec
795 2582 825 2632 tc
843 2576 905 2641 liba,
925 2574 1032 2645 Priape,
1049 2581 1117 2644 quot
1134 2579 1212 2632 annis

403 2656 574 2722 Exspectare
591 2657 635 2708 sat
651 2656 710 2709 est:
727 2658 819 2709 custos
836 2670 867 2707 es
883 2653 1011 2720 pauperis
1028 2653 1109 2710 horti.

402 2732 429 2785 N
431 2746 485 2784 unc
502 2734 532 2783 te
549 2747 730 2785 marmoreum
747 2747 797 2799 pro
814 2733 938 2797 tempore
956 2729 1085 2796 fecimus3
1103 2734 1132 2785 at
1150 2735 1189 2798 tu,
1229 2746 1254 2785 35

402 2808 432 2861 Si
451 2807 542 2860 fetura
559 2823 671 2875 gregem
689 2807 863 2875 suppleverit,
882 2823 980 2860 aureus
998 2810 1065 2860 esto.

440 2882 469 2937 C.
488 2883 592 2936 Nerine
609 2883 729 2946 Galatea
746 2882 839 2951 thymo
857 2882 922 2935 milri
940 2882 1044 2936 dulcior
1062 2883 1178 2951 Hyblae,

403 2959 556 3013 Candidior
572 2960 669 3029 cycnis,
687 2960 790 3014 hedera
807 2960 950 3013 formosior
967 2960 1036 3028 alba,

403 3037 474 3091 Cum
492 3036 611 3105 primum
628 3037 701 3106 pasti
718 3039 845 3105 repetent
863 3037 1005 3106 praesepia
1021 3035 1101 3103 tauri,

403 3112 432 3165 Si
452 3128 508 3180 qua
525 3112 567 3165 tui
586 3112 734 3180 Corydonis
752 3113 837 3166 habet
855 3116 884 3166 te
902 3130 973 3182 cura,
992 3112 1091 3167 venito.
1230 3125 1255 3163 so

407 3187 437 3240 T.
458 3188 548 3241 Immo
567 3205 618 3258 ego
637 3188 777 3243 Sardoniis
794 3189 890 3243 videar
907 3189 957 3244 tibi
974 3188 1091 3242 amarior
1109 3186 1209 3255 herbis,

405 3264 554 3317 Horridier
571 3282 659 3335 rusco,
676 3266 797 3334 proiecta
814 3266 893 3319 vilior
908 3265 977 3332 alga,

403 3341 432 3394 Si
452 3340 516 3393 mihi
535 3358 589 3394 non
605 3341 673 3397 haec
688 3342 737 3396 lux
755 3346 815 3398 toto
833 3342 888 3398 iam
905 3340 1012 3411 longior
1030 3355 1104 3394 anuo
1121 3343 1177 3396 est.

391 3416 441 3463 lte
456 3414 567 3466 domum
582 3418 666 3486 pasti,
686 3419 711 3473 si
730 3422 794 3492 quis
814 3422 919 3494 pudor,
934 3422 980 3477 ite
995 3418 1122 3475 iuvenci.

416 3482 448 3534 a
460 3484 588 3542 Muscosi
603 3492 699 3551 fontes
718 3503 751 3556 et
768 3518 876 3558 somno
896 3500 1015 3557 mollior
1033 3498 1148 3567 herba,
1283 3500 1290 3529 ‘

361 3552 407 3604 Ei
422 3570 499 3619 quae
516 3576 568 3617 ros
584 3585 655 3627 rara
675 3575 783 3636 viridis
805 3583 891 3654 tegit
911 3581 1049 3641 arbutus
1067 3577 1193 3643 umbra,
