3242 4159
401 553 433 601 10
638 552 667 601 P.
686 550 844 600 VERGILI
858 552 1025 603 MARONIS

401 631 503 700 Incipe,
521 648 604 701 parve
621 649 704 702 puer:
722 632 765 686 cui
783 649 837 686 nou
855 634 941 688 risere
958 637 1094 704 parentes,

400 708 426 761 N
428 724 459 762 ec
477 708 545 762 deus
563 709 634 762 hunc
652 724 753 775 mensa,
772 707 825 761 dea
843 726 893 762 nec
911 711 1024 777 dignata
1042 712 1125 765 cubili
1143 715 1194 767 est.

683 866 709 923 E
719 866 742 924 C
752 866 778 923 L
789 865 815 923 0
825 864 852 923 G
861 866 892 923 A
920 866 959 923 V.

738 968 911 1019 DAPHNIS.

668 1074 824 1125 uausucns.
861 1046 974 1116 moesus.

398 1153 455 1209 Me.
474 1154 537 1210 Oua
547 1170 610 1223 non,
622 1154 727 1222 Mopse,
740 1153 804 1207 boni
818 1154 946 1222 quoniam
959 1157 1135 1212 convenimus
1146 1161 1235 1226 ambo,

399 1230 440 1283 Tu
458 1231 574 1284 calamos
592 1230 687 1285 inflare
704 1230 779 1297 levis,
799 1247 850 1298 ego
868 1230 960 1285 dicere
978 1243 1093 1299 versus,

399 1305 454 1359 Hic
472 1305 569 1375 corst
586 1305 686 1359 mixtas
704 1305 777 1359 inter
794 1306 962 1360 cousidimus·
978 1308 1082 1362 ulmos?

397 1380 455 1436 Mo.
474 1382 515 1435 'lu
532 1382 632 1447 maior3
651 1381 703 1435 tibi
721 1398 765 1435 mo
780 1386 823 1435 est
835 1398 954 1451 aequum
966 1400 1071 1453 parcre,
1083 1385 1216 1453 Menalca,

399 1458 460 1513 Sive
479 1458 529 1511 sub
547 1458 666 1512 incertas
684 1457 815 1526 Zephyris
832 1460 1001 1513 motantibus
1018 1460 1137 1528 umbras,
1240 1479 1254 1517 s

398 1535 462 1589 Sive
479 1538 559 1588 antro
576 1533 668 1602 potius
687 1533 864 1589 succedimus.
902 1536 1012 1605 Aspice,
1031 1541 1064 1590 ut
1081 1539 1192 1591 antrum

398 1610 537 1665 Silvestris
554 1610 623 1663 raris
643 1610 744 1679 sparsit
761 1609 887 1664 labrusca
904 1612 1026 1665 racemis.

396 1688 452 1741 Me.
471 1685 613 1740 Montibus
631 1686 659 1739 in
677 1687 777 1740 nostris
797 1687 869 1739 solus
887 1687 939 1739 tibi
957 1692 1046 1742 certat
1064 1690 1206 1757 Amyntas.

395 1764 453 1817 Mo.
474 1764 554 1832 Quid,
573 1762 596 1815 si
614 1762 689 1816 idem
702 1765 789 1816 certet
803 1760 945 1815 Phoebum
958 1780 1088 1831 superare
1099 1762 1239 1822 canendo?

395 1840 452 1895 Mc.
473 1842 575 1910 Incipe,
594 1840 699 1909 Mopse,
719 1841 800 1909 prior,
815 1838 838 1891 si
850 1856 919 1908 quos
930 1842 979 1893 aut
992 1839 1125 1908 Phyllidis
1136 1841 1215 1908 ignis,

396 1918 455 1971 Aut
473 1917 586 1969 Alconis
604 1916 688 1970 habes
706 1916 809 1981 laudes,
829 1918 877 1967 aut
895 1915 983 1981 iurgia
1002 1915 1092 1969 Codri.
1228 1934 1251 1971 11

396 1991 506 2062 Incipe;
523 1992 660 2062 pascentis
679 1990 799 2044 servabit
818 1991 927 2059 Tityrus
945 1991 1054 2045 haedos.

394 2068 453 2123 Mo.
472 2069 560 2129 Immo
577 2068 652 2135 haec,
670 2067 698 2120 in
716 2066 796 2119 viridi
815 2082 903 2134 nuper
921 2083 991 2134 quae
1009 2068 1109 2121 cortice
1126 2069 1182 2136 fagi

395 2142 523 2199 Carmina
541 2142 671 2210 descripsi
690 2143 723 2197 et‘
737 2142 882 2195 modulans
901 2143 1007 2196 alterna
1024 2145 1123 2210 notavi,

395 2219 542 2288 Experiar:
561 2222 592 2273 tu
610 2217 711 2276 deiude
730 2218 824 2272 iubeto
842 2222 875 2272 ut
892 2222 982 2273 certet
1001 2223 1141 2288 Amyntas.
1225 2238 1251 2277 ιε

395 2295 450 2349 Me.
468 2295 556 2348 Lenta
574 2294 643 2347 salix
661 2298 794 2362 quantum
811 2295 926 2363 pallenti
945 2295 1018 2348 cedit
1036 2295 1131 2362 olivae,

396 2371 522 2425 Puniccis
540 2369 649 2427 humilis
668 2373 801 2438 quantum
820 2371 940 2424 saliunca
958 2372 1063 2438 rosetis,

395 2446 499 2500 Iudicio
517 2450 610 2499 nostro
628 2448 738 2499 tantum
758 2445 809 2499 tibi
828 2447 903 2500 cedit
921 2447 1063 2514 Amyntas.

393 2523 451 2577 Mo.
469 2522 525 2577 Sed
542 2526 574 2577 tu
591 2522 687 2577 desine
704 2522 790 2591 plura,
809 2539 893 2590 puer3
911 2523 1088 2577 successimus
1106 2527 1194 2579 antro.

398 2660 400 2666 ¹
429 2599 602 2653 Exstinctum
621 2598 764 2666 Nymphae
782 2593 889 2652 crudeli
907 2598 1004 2652 funere
1022 2599 1160 2667 Daphnim
1216 2616 1249 2653 -ao

394 2673 526 2739 Flebant3
543 2691 591 2729 ros
609 2674 692 2741 coryli
710 2675 797 2727 testes
817 2677 846 2728 ct
864 2674 975 2727 flutaaina
993 2675 1127 2743 Nymphis
1132 2695 1141 2741 3

394 2750 463 2805 Cum
481 2750 613 2819 conplexa
630 2750 671 2803 sui
691 2765 788 2817 corpus
807 2749 963 2804 miserabile
980 2750 1038 2803 nati

394 2826 489 2895 Atque
507 2826 573 2880 deos
591 2829 675 2895 atquc
692 2828 767 2879 astra
784 2830 864 2879 vocat
881 2825 1003 2880 crudelia
1020 2830 1117 2880 mater.

394 2902 420 2955 N
422 2920 456 2957 on
474 2901 522 2955 ulli
539 2906 632 2972 pastos
650 2902 702 2955 illis
720 2918 801 2970 egere
820 2902 918 2956 diebus

394 2978 514 3047 Frigida,
526 2978 642 3048 Daphni,
655 2978 739 3032 boves
752 2978 788 3031 ad
800 2978 913 3032 flumina
920 2999 927 3044 ;
948 2978 1022 3032 nulla
1034 2995 1084 3032 nec
1095 2993 1206 3031 amnem
1221 2993 1248 3033 aa

393 3054 501 3109 Libavit
520 3054 683 3124 quadrupes,
702 3071 753 3108 nec
770 3054 902 3121 graminis
920 3054 1014 3121 attigit
1031 3053 1151 3110 herbam.

393 3130 509 3201 Daphni,
527 3134 607 3185 tuum
626 3130 733 3184 Poenos
751 3130 835 3183 etiam
853 3130 1019 3197 ingemuisse
1037 3129 1132 3184 leones

393 3206 541 3262 interitum
559 3210 722 3275 montesque
739 3206 792 3259 feri
809 3205 948 3273 silvaeque
967 3206 1123 3272 loquuntur.

381 3280 513 3348 Daphnis
530 3287 561 3337 et
578 3282 727 3337 Armenias
745 3300 829 3337 curru
847 3282 1011 3349 subiungere
1030 3280 1109 3348 tigris

365 3350 513 3425 Instituit,
532 3358 666 3430 Daphnis
684 3360 793 3415 thiasos
811 3358 945 3415 iuducere
961 3356 1064 3411 bacchi
1217 3372 1247 3411 oo

357 3418 396 3505 Εῤ
413 3428 495 3484 foliis
512 3433 612 3491 lentas
631 3438 771 3495 intexere
789 3438 926 3494 mollibus
939 3435 1045 3489 hastas.

357 3490 424 3569 ‚⁷1⁶1's
445 3508 483 3559 ut
501 3510 672 3574 arboribus
690 3518 796 3575 decori
816 3522 872 3584 est,
889 3518 928 3569 ut
943 3511 1053 3568 sithius
1067 3519 1152 3588 uitta

357 3568 552 3647 ⁶s'regu'bus
576 3592 671 3666 tauri,
690 3601 823 3669 segetes
841 3598 878 3650 ut
896 3585 1061 3663 pinguibus
1076 3593 1168 3637 aruis,
