<?xml version="1.0" encoding="UTF-8"?>
<!DOCTYPE html PUBLIC "-//W3C//DTD XHTML 1.0 Transitional//EN"
    "http://www.w3.org/TR/xhtml1/DTD/xhtml1-transitional.dtd">
<html xmlns="http://www.w3.org/1999/xhtml" xml:lang="en" lang="en">
 <head>
  <title>
</title>
<meta http-equiv="Content-Type" content="text/html;charset=utf-8" />
  <meta name='ocr-system' content='tesseract 3.04.00' />
  <meta name='ocr-capabilities' content='ocr_page ocr_carea ocr_par ocr_line ocrx_word'/>
</head>
<body>
  <div class='ocr_page' id='page_1' title='image "./publivergilimar00conigoog/publivergilimar00conigoog_0199.png"; bbox 0 0 3242 4159; ppageno 0'>
   <div class='ocr_carea' id='block_1_1' title="bbox 630 519 1220 578">
    <p class='ocr_par' dir='ltr' id='par_1_1' title="bbox 630 519 1220 578">
     <span class='ocr_line' id='line_1_1' title="bbox 630 519 1220 578; baseline 0.008 -9"><span class='ocrx_word' id='word_1_1' title='bbox 630 519 813 569; x_wconf 77' lang='lat' dir='ltr'>AENEIDOs·</span> <span class='ocrx_word' id='word_1_2' title='bbox 832 520 902 571; x_wconf 83' lang='lat' dir='ltr'><strong>LIB.</strong></span> <span class='ocrx_word' id='word_1_3' title='bbox 924 521 962 573; x_wconf 86' lang='lat' dir='ltr'>V.¹</span> <span class='ocrx_word' id='word_1_4' title='bbox 1173 528 1220 578; x_wconf 81' lang='lat'>173</span> 
     </span>
    </p>
   </div>
   <div class='ocr_carea' id='block_1_2' title="bbox 356 600 1235 3568">
    <p class='ocr_par' dir='ltr' id='par_1_2' title="bbox 364 600 1221 3411">
     <span class='ocr_line' id='line_1_2' title="bbox 368 600 1149 673; baseline 0.004 -15"><span class='ocrx_word' id='word_1_5' title='bbox 368 605 437 658; x_wconf 88' lang='lat' dir='ltr'>Alta</span> <span class='ocrx_word' id='word_1_6' title='bbox 453 605 559 671; x_wconf 86' lang='lat' dir='ltr'>petens,</span> <span class='ocrx_word' id='word_1_7' title='bbox 576 601 737 671; x_wconf 86' lang='lat' dir='ltr'>pariterque</span> <span class='ocrx_word' id='word_1_8' title='bbox 755 600 848 656; x_wconf 88' lang='lat' dir='ltr'>oculos</span> <span class='ocrx_word' id='word_1_9' title='bbox 865 602 1005 673; x_wconf 90' lang='lat' dir='ltr'>telumque</span> <span class='ocrx_word' id='word_1_10' title='bbox 1022 605 1149 662; x_wconf 88' lang='lat' dir='ltr'>tetendit</span> 
     </span>
     <span class='ocr_line' id='line_1_3' title="bbox 366 677 1083 747; baseline -0.001 -12"><span class='ocrx_word' id='word_1_11' title='bbox 366 684 425 735; x_wconf 83' lang='lat' dir='ltr'>Ast</span> <span class='ocrx_word' id='word_1_12' title='bbox 442 680 529 747; x_wconf 80' lang='lat' dir='ltr'>ipsam</span> <span class='ocrx_word' id='word_1_13' title='bbox 547 677 718 731; x_wconf 89' lang='lat' dir='ltr'>miserandus</span> <span class='ocrx_word' id='word_1_14' title='bbox 736 694 814 731; x_wconf 84' lang='lat' dir='ltr'>avem</span> <span class='ocrx_word' id='word_1_15' title='bbox 833 680 992 747; x_wconf 85' lang='lat' dir='ltr'>contingere</span> <span class='ocrx_word' id='word_1_16' title='bbox 1009 679 1083 735; x_wconf 81' lang='lat' dir='ltr'>ferro</span> 
     </span>
     <span class='ocr_line' id='line_1_4' title="bbox 365 753 1221 825; baseline 0 -16"><span class='ocrx_word' id='word_1_17' title='bbox 365 757 392 809; x_wconf 90' lang='lat' dir='ltr'><strong>N</strong></span> <span class='ocrx_word' id='word_1_18' title='bbox 395 774 431 809; x_wconf 91' lang='lat' dir='ltr'>on</span> <span class='ocrx_word' id='word_1_19' title='bbox 449 755 547 820; x_wconf 81' lang='lat' dir='ltr'>valuit3</span> <span class='ocrx_word' id='word_1_20' title='bbox 566 754 652 806; x_wconf 91' lang='lat' dir='ltr'>nodos</span> <span class='ocrx_word' id='word_1_21' title='bbox 670 756 699 807; x_wconf 90' lang='lat' dir='ltr'>et</span> <span class='ocrx_word' id='word_1_22' title='bbox 717 753 825 808; x_wconf 80' lang='lat' dir='ltr'>vincula</span> <span class='ocrx_word' id='word_1_23' title='bbox 841 754 913 809; x_wconf 90' lang='lat' dir='ltr'>linea</span> <span class='ocrx_word' id='word_1_24' title='bbox 930 756 1012 825; x_wconf 91' lang='lat' dir='ltr'>rupit,</span> <span class='ocrx_word' id='word_1_25' title='bbox 1184 774 1221 815; x_wconf 82' lang='lat' dir='ltr'>uo</span> 
     </span>
     <span class='ocr_line' id='line_1_5' title="bbox 366 829 1057 899; baseline 0 -14"><span class='ocrx_word' id='word_1_26' title='bbox 366 833 435 896; x_wconf 82' lang='lat' dir='ltr'>Quis</span> <span class='ocrx_word' id='word_1_27' title='bbox 452 832 552 885; x_wconf 87' lang='lat' dir='ltr'>innexa</span> <span class='ocrx_word' id='word_1_28' title='bbox 569 829 669 899; x_wconf 89' lang='lat' dir='ltr'>pedem</span> <span class='ocrx_word' id='word_1_29' title='bbox 687 830 758 882; x_wconf 90' lang='lat' dir='ltr'>malo</span> <span class='ocrx_word' id='word_1_30' title='bbox 776 830 916 898; x_wconf 79' lang='lat' dir='ltr'>pendebat</span> <span class='ocrx_word' id='word_1_31' title='bbox 934 830 968 884; x_wconf 90' lang='lat' dir='ltr'>ab</span> <span class='ocrx_word' id='word_1_32' title='bbox 986 832 1057 899; x_wconf 88' lang='lat' dir='ltr'>alto;</span> 
     </span>
     <span class='ocr_line' id='line_1_6' title="bbox 366 906 1060 977; baseline 0.001 -15"><span class='ocrx_word' id='word_1_33' title='bbox 366 908 421 962; x_wconf 93' lang='lat' dir='ltr'>Illa</span> <span class='ocrx_word' id='word_1_34' title='bbox 438 910 517 961; x_wconf 90' lang='lat' dir='ltr'>notos</span> <span class='ocrx_word' id='word_1_35' title='bbox 535 910 618 974; x_wconf 91' lang='lat' dir='ltr'>atque</span> <span class='ocrx_word' id='word_1_36' title='bbox 636 908 697 959; x_wconf 88' lang='lat' dir='ltr'>atra</span> <span class='ocrx_word' id='word_1_37' title='bbox 716 906 808 959; x_wconf 80' lang='lat' dir='ltr'>volans</span> <span class='ocrx_word' id='word_1_38' title='bbox 825 906 854 959; x_wconf 91' lang='lat' dir='ltr'>in</span> <span class='ocrx_word' id='word_1_39' title='bbox 872 906 966 961; x_wconf 89' lang='lat' dir='ltr'>nubila</span> <span class='ocrx_word' id='word_1_40' title='bbox 982 908 1060 977; x_wconf 82' lang='lat' dir='ltr'>fugit</span> 
     </span>
     <span class='ocr_line' id='line_1_7' title="bbox 366 981 1098 1053; baseline 0.001 -14"><span class='ocrx_word' id='word_1_41' title='bbox 366 985 436 1039; x_wconf 91' lang='lat' dir='ltr'>Tum</span> <span class='ocrx_word' id='word_1_42' title='bbox 454 982 574 1052; x_wconf 89' lang='lat' dir='ltr'>rapidus,</span> <span class='ocrx_word' id='word_1_43' title='bbox 592 981 753 1035; x_wconf 88' lang='lat' dir='ltr'>iamdudum</span> <span class='ocrx_word' id='word_1_44' title='bbox 772 999 837 1036; x_wconf 88' lang='lat' dir='ltr'>arcu</span> <span class='ocrx_word' id='word_1_45' title='bbox 856 987 985 1037; x_wconf 88' lang='lat' dir='ltr'>contenta</span> <span class='ocrx_word' id='word_1_46' title='bbox 1002 988 1098 1053; x_wconf 85' lang='lat' dir='ltr'>parato</span> 
     </span>
     <span class='ocr_line' id='line_1_8' title="bbox 365 1058 1209 1129; baseline -0.001 -14"><span class='ocrx_word' id='word_1_47' title='bbox 365 1061 433 1115; x_wconf 86' lang='lat' dir='ltr'>Tela</span> <span class='ocrx_word' id='word_1_48' title='bbox 449 1064 555 1126; x_wconf 89' lang='lat' dir='ltr'>tenens,</span> <span class='ocrx_word' id='word_1_49' title='bbox 573 1059 687 1111; x_wconf 81' lang='lat' dir='ltr'>fratrem</span> <span class='ocrx_word' id='word_1_50' title='bbox 707 1058 838 1127; x_wconf 74' lang='lat' dir='ltr'>Eurytion</span> <span class='ocrx_word' id='word_1_51' title='bbox 856 1059 884 1112; x_wconf 90' lang='lat' dir='ltr'>in</span> <span class='ocrx_word' id='word_1_52' title='bbox 902 1063 966 1114; x_wconf 80' lang='lat' dir='ltr'>vota</span> <span class='ocrx_word' id='word_1_53' title='bbox 983 1061 1096 1129; x_wconf 77' lang='lat' dir='ltr'>vorarit,</span> <span class='ocrx_word' id='word_1_54' title='bbox 1199 1059 1209 1076; x_wconf 84' lang='lat'><em>&#39;</em></span> 
     </span>
     <span class='ocr_line' id='line_1_9' title="bbox 365 1133 1221 1203; baseline -0.001 -11"><span class='ocrx_word' id='word_1_55' title='bbox 365 1138 428 1192; x_wconf 88' lang='lat' dir='ltr'>Iam</span> <span class='ocrx_word' id='word_1_56' title='bbox 446 1152 529 1189; x_wconf 84' lang='lat' dir='ltr'>vacuo</span> <span class='ocrx_word' id='word_1_57' title='bbox 548 1135 649 1188; x_wconf 89' lang='lat' dir='ltr'>laetam</span> <span class='ocrx_word' id='word_1_58' title='bbox 667 1133 741 1187; x_wconf 89' lang='lat' dir='ltr'>caelo</span> <span class='ocrx_word' id='word_1_59' title='bbox 760 1134 924 1203; x_wconf 83' lang='lat' dir='ltr'>speculatus,</span> <span class='ocrx_word' id='word_1_60' title='bbox 943 1141 972 1190; x_wconf 89' lang='lat' dir='ltr'>et</span> <span class='ocrx_word' id='word_1_61' title='bbox 990 1136 1040 1191; x_wconf 89' lang='lat' dir='ltr'>alis</span> <span class='ocrx_word' id='word_1_62' title='bbox 1184 1154 1221 1191; x_wconf 80' lang='lat'>⁵1⁵</span> 
     </span>
     <span class='ocr_line' id='line_1_10' title="bbox 366 1210 1063 1278; baseline 0.001 -12"><span class='ocrx_word' id='word_1_63' title='bbox 366 1213 549 1266; x_wconf 90' lang='lat' dir='ltr'>Plaudeutem</span> <span class='ocrx_word' id='word_1_64' title='bbox 568 1210 647 1277; x_wconf 90' lang='lat' dir='ltr'>nigra</span> <span class='ocrx_word' id='word_1_65' title='bbox 664 1210 726 1278; x_wconf 85' lang='lat' dir='ltr'>figit</span> <span class='ocrx_word' id='word_1_66' title='bbox 744 1210 794 1263; x_wconf 91' lang='lat' dir='ltr'>sub</span> <span class='ocrx_word' id='word_1_67' title='bbox 814 1211 887 1264; x_wconf 93' lang='lat' dir='ltr'>nube</span> <span class='ocrx_word' id='word_1_68' title='bbox 904 1212 1063 1267; x_wconf 80' lang='lat' dir='ltr'><strong>columbam.</strong></span> 
     </span>
     <span class='ocr_line' id='line_1_11' title="bbox 365 1286 1067 1354; baseline -0.001 -11"><span class='ocrx_word' id='word_1_69' title='bbox 365 1289 477 1343; x_wconf 88' lang='lat' dir='ltr'>Decidit</span> <span class='ocrx_word' id='word_1_70' title='bbox 495 1287 633 1351; x_wconf 83' lang='lat' dir='ltr'>exanimis,</span> <span class='ocrx_word' id='word_1_71' title='bbox 651 1286 792 1354; x_wconf 79' lang='lat' dir='ltr'>vitamque</span> <span class='ocrx_word' id='word_1_72' title='bbox 810 1286 921 1354; x_wconf 89' lang='lat' dir='ltr'>reliquit</span> <span class='ocrx_word' id='word_1_73' title='bbox 938 1287 967 1341; x_wconf 89' lang='lat' dir='ltr'>in</span> <span class='ocrx_word' id='word_1_74' title='bbox 985 1288 1067 1342; x_wconf 87' lang='lat' dir='ltr'>astris</span> 
     </span>
     <span class='ocr_line' id='line_1_12' title="bbox 366 1362 1058 1432; baseline -0.004 -12"><span class='ocrx_word' id='word_1_75' title='bbox 366 1364 514 1431; x_wconf 84' lang='lat' dir='ltr'>Aetheriis,</span> <span class='ocrx_word' id='word_1_76' title='bbox 533 1362 671 1430; x_wconf 85' lang='lat' dir='ltr'>fixamque</span> <span class='ocrx_word' id='word_1_77' title='bbox 690 1362 774 1415; x_wconf 83' lang='lat' dir='ltr'><strong>refert</strong></span> <span class='ocrx_word' id='word_1_78' title='bbox 792 1362 904 1431; x_wconf 88' lang='lat' dir='ltr'>delapsa</span> <span class='ocrx_word' id='word_1_79' title='bbox 922 1364 1058 1432; x_wconf 76' lang='lat' dir='ltr'><strong>sagittam.</strong></span> 
     </span>
     <span class='ocr_line' id='line_1_13' title="bbox 366 1436 989 1508; baseline -0.003 -14"><span class='ocrx_word' id='word_1_80' title='bbox 366 1442 477 1495; x_wconf 90' lang='lat' dir='ltr'>Amissa</span> <span class='ocrx_word' id='word_1_81' title='bbox 495 1439 567 1492; x_wconf 93' lang='lat' dir='ltr'>solus</span> <span class='ocrx_word' id='word_1_82' title='bbox 585 1438 675 1508; x_wconf 86' lang='lat' dir='ltr'>palma</span> <span class='ocrx_word' id='word_1_83' title='bbox 692 1436 840 1505; x_wconf 86' lang='lat' dir='ltr'>superabat</span> <span class='ocrx_word' id='word_1_84' title='bbox 858 1440 989 1505; x_wconf 79' lang='lat' dir='ltr'>Acestes3</span> 
     </span>
     <span class='ocr_line' id='line_1_14' title="bbox 366 1513 1220 1582; baseline 0.002 -13"><span class='ocrx_word' id='word_1_85' title='bbox 366 1517 420 1582; x_wconf 84' lang='lat' dir='ltr'>Qui</span> <span class='ocrx_word' id='word_1_86' title='bbox 438 1520 530 1569; x_wconf 89' lang='lat' dir='ltr'>tamen</span> <span class='ocrx_word' id='word_1_87' title='bbox 548 1514 635 1567; x_wconf 83' lang='lat' dir='ltr'>serias</span> <span class='ocrx_word' id='word_1_88' title='bbox 653 1514 738 1567; x_wconf 91' lang='lat' dir='ltr'>telum</span> <span class='ocrx_word' id='word_1_89' title='bbox 757 1513 900 1567; x_wconf 76' lang='lat' dir='ltr'>contendit</span> <span class='ocrx_word' id='word_1_90' title='bbox 917 1515 945 1567; x_wconf 93' lang='lat' dir='ltr'>in</span> <span class='ocrx_word' id='word_1_91' title='bbox 963 1513 1048 1582; x_wconf 72' lang='lat' dir='ltr'>auras,</span> <span class='ocrx_word' id='word_1_92' title='bbox 1183 1532 1220 1571; x_wconf 73' lang='grc'>55)</span> 
     </span>
     <span class='ocr_line' id='line_1_15' title="bbox 366 1592 1106 1658; baseline 0.001 -12"><span class='ocrx_word' id='word_1_93' title='bbox 366 1592 516 1646; x_wconf 89' lang='lat' dir='ltr'>Ostentans</span> <span class='ocrx_word' id='word_1_94' title='bbox 535 1594 678 1658; x_wconf 81' lang='lat' dir='ltr'>artemque</span> <span class='ocrx_word' id='word_1_95' title='bbox 694 1593 774 1656; x_wconf 87' lang='lat' dir='ltr'>pater</span> <span class='ocrx_word' id='word_1_96' title='bbox 792 1606 940 1658; x_wconf 88' lang='lat' dir='ltr'>arcumque</span> <span class='ocrx_word' id='word_1_97' title='bbox 958 1594 1106 1647; x_wconf 89' lang='lat' dir='ltr'>sonantem.</span> 
     </span>
     <span class='ocr_line' id='line_1_16' title="bbox 366 1665 1118 1735; baseline 0 -13"><span class='ocrx_word' id='word_1_98' title='bbox 366 1668 422 1723; x_wconf 89' lang='lat' dir='ltr'>Hic</span> <span class='ocrx_word' id='word_1_99' title='bbox 440 1668 523 1721; x_wconf 89' lang='lat' dir='ltr'>oculis</span> <span class='ocrx_word' id='word_1_100' title='bbox 541 1666 661 1719; x_wconf 89' lang='lat' dir='ltr'>subitum</span> <span class='ocrx_word' id='word_1_101' title='bbox 680 1665 807 1718; x_wconf 91' lang='lat' dir='ltr'>obiicitur</span> <span class='ocrx_word' id='word_1_102' title='bbox 824 1682 977 1735; x_wconf 84' lang='lat' dir='ltr'>magnoque</span> <span class='ocrx_word' id='word_1_103' title='bbox 995 1668 1118 1723; x_wconf 87' lang='lat' dir='ltr'>futurum</span> 
     </span>
     <span class='ocr_line' id='line_1_17' title="bbox 366 1741 1099 1813; baseline -0.003 -15"><span class='ocrx_word' id='word_1_104' title='bbox 366 1744 493 1812; x_wconf 89' lang='lat' dir='ltr'>Augurio</span> <span class='ocrx_word' id='word_1_105' title='bbox 511 1745 677 1806; x_wconf 89' lang='lat' dir='ltr'>monstrum;</span> <span class='ocrx_word' id='word_1_106' title='bbox 696 1741 790 1794; x_wconf 90' lang='lat' dir='ltr'>docuit</span> <span class='ocrx_word' id='word_1_107' title='bbox 807 1745 871 1810; x_wconf 88' lang='lat' dir='ltr'>post</span> <span class='ocrx_word' id='word_1_108' title='bbox 889 1742 978 1796; x_wconf 86' lang='lat' dir='ltr'>exitus</span> <span class='ocrx_word' id='word_1_109' title='bbox 996 1742 1099 1813; x_wconf 84' lang='lat' dir='ltr'>ingens,</span> 
     </span>
     <span class='ocr_line' id='line_1_18' title="bbox 366 1818 1003 1888; baseline -0.006 -13"><span class='ocrx_word' id='word_1_110' title='bbox 366 1822 489 1888; x_wconf 75' lang='lat' dir='ltr'>Senaque</span> <span class='ocrx_word' id='word_1_111' title='bbox 506 1818 620 1873; x_wconf 91' lang='lat' dir='ltr'>terrifici</span> <span class='ocrx_word' id='word_1_112' title='bbox 638 1818 795 1871; x_wconf 90' lang='lat' dir='ltr'>cecinerunt</span> <span class='ocrx_word' id='word_1_113' title='bbox 813 1818 902 1870; x_wconf 90' lang='lat' dir='ltr'>omina</span> <span class='ocrx_word' id='word_1_114' title='bbox 919 1821 1003 1871; x_wconf 86' lang='lat' dir='ltr'>vates.</span> 
     </span>
     <span class='ocr_line' id='line_1_19' title="bbox 365 1892 1219 1965; baseline 0.002 -15"><span class='ocrx_word' id='word_1_115' title='bbox 365 1896 493 1964; x_wconf 81' lang='lat' dir='ltr'>Namque</span> <span class='ocrx_word' id='word_1_116' title='bbox 511 1893 604 1947; x_wconf 86' lang='lat' dir='ltr'>volans</span> <span class='ocrx_word' id='word_1_117' title='bbox 621 1893 733 1962; x_wconf 80' lang='lat' dir='ltr'>liquidis</span> <span class='ocrx_word' id='word_1_118' title='bbox 751 1893 779 1945; x_wconf 90' lang='lat' dir='ltr'>in</span> <span class='ocrx_word' id='word_1_119' title='bbox 796 1892 914 1947; x_wconf 91' lang='lat' dir='ltr'>nubibus</span> <span class='ocrx_word' id='word_1_120' title='bbox 934 1894 1001 1948; x_wconf 90' lang='lat' dir='ltr'>arsit</span> <span class='ocrx_word' id='word_1_121' title='bbox 1018 1895 1131 1965; x_wconf 89' lang='lat' dir='ltr'>arundo,</span> <span class='ocrx_word' id='word_1_122' title='bbox 1182 1911 1219 1952; x_wconf 76' lang='lat'>525</span> 
     </span>
     <span class='ocr_line' id='line_1_20' title="bbox 366 1966 1072 2041; baseline -0.001 -15"><span class='ocrx_word' id='word_1_123' title='bbox 366 1966 545 2041; x_wconf 70' lang='lat' dir='ltr'>signavitque</span> <span class='ocrx_word' id='word_1_124' title='bbox 563 1971 634 2023; x_wconf 82' lang='lat' dir='ltr'>viam</span> <span class='ocrx_word' id='word_1_125' title='bbox 652 1969 775 2037; x_wconf 88' lang='lat' dir='ltr'>flammis,</span> <span class='ocrx_word' id='word_1_126' title='bbox 794 1970 940 2038; x_wconf 86' lang='lat' dir='ltr'>tenuisque</span> <span class='ocrx_word' id='word_1_127' title='bbox 957 1971 1072 2025; x_wconf 79' lang='lat' dir='ltr'>recessit</span> 
     </span>
     <span class='ocr_line' id='line_1_21' title="bbox 366 2047 1074 2117; baseline -0.003 -14"><span class='ocrx_word' id='word_1_128' title='bbox 366 2050 535 2117; x_wconf 84' lang='lat' dir='ltr'>Consumpta</span> <span class='ocrx_word' id='word_1_129' title='bbox 553 2048 581 2099; x_wconf 90' lang='lat' dir='ltr'>iu</span> <span class='ocrx_word' id='word_1_130' title='bbox 600 2049 711 2111; x_wconf 81' lang='lat' dir='ltr'>ventos;</span> <span class='ocrx_word' id='word_1_131' title='bbox 729 2047 804 2100; x_wconf 89' lang='lat' dir='ltr'>caelo</span> <span class='ocrx_word' id='word_1_132' title='bbox 822 2063 872 2100; x_wconf 90' lang='lat' dir='ltr'>ceu</span> <span class='ocrx_word' id='word_1_133' title='bbox 890 2063 971 2116; x_wconf 88' lang='lat' dir='ltr'>saepe</span> <span class='ocrx_word' id='word_1_134' title='bbox 988 2048 1074 2101; x_wconf 81' lang='lat' dir='ltr'>refixa</span> 
     </span>
     <span class='ocr_line' id='line_1_22' title="bbox 366 2122 1119 2192; baseline 0 -13"><span class='ocrx_word' id='word_1_135' title='bbox 366 2126 568 2179; x_wconf 81' lang='lat' dir='ltr'>Transcurrunt</span> <span class='ocrx_word' id='word_1_136' title='bbox 586 2123 744 2192; x_wconf 88' lang='lat' dir='ltr'>crinemque</span> <span class='ocrx_word' id='word_1_137' title='bbox 761 2122 881 2177; x_wconf 77' lang='lat' dir='ltr'>volantia</span> <span class='ocrx_word' id='word_1_138' title='bbox 899 2123 991 2177; x_wconf 88' lang='lat' dir='ltr'>sidera</span> <span class='ocrx_word' id='word_1_139' title='bbox 1009 2123 1119 2179; x_wconf 90' lang='lat' dir='ltr'>ducunt.</span> 
     </span>
     <span class='ocr_line' id='line_1_23' title="bbox 367 2199 1068 2270; baseline 0 -15"><span class='ocrx_word' id='word_1_140' title='bbox 367 2203 503 2257; x_wconf 84' lang='lat' dir='ltr'>Attonitis</span> <span class='ocrx_word' id='word_1_141' title='bbox 520 2201 632 2253; x_wconf 86' lang='lat' dir='ltr'>haesere</span> <span class='ocrx_word' id='word_1_142' title='bbox 651 2199 754 2267; x_wconf 87' lang='lat' dir='ltr'>animis,</span> <span class='ocrx_word' id='word_1_143' title='bbox 774 2200 946 2269; x_wconf 75' lang='lat' dir='ltr'>superosque</span> <span class='ocrx_word' id='word_1_144' title='bbox 964 2201 1068 2270; x_wconf 89' lang='lat' dir='ltr'>precati</span> 
     </span>
     <span class='ocr_line' id='line_1_24' title="bbox 366 2275 1218 2345; baseline 0.001 -13"><span class='ocrx_word' id='word_1_145' title='bbox 366 2279 496 2332; x_wconf 88' lang='lat' dir='ltr'>Trinacrii</span> <span class='ocrx_word' id='word_1_146' title='bbox 515 2276 665 2345; x_wconf 77' lang='lat' dir='ltr'>Teucrique</span> <span class='ocrx_word' id='word_1_147' title='bbox 681 2275 748 2340; x_wconf 80' lang='lat' dir='ltr'>viri3</span> <span class='ocrx_word' id='word_1_148' title='bbox 765 2292 815 2329; x_wconf 88' lang='lat' dir='ltr'>nec</span> <span class='ocrx_word' id='word_1_149' title='bbox 833 2293 975 2329; x_wconf 73' lang='lat' dir='ltr'>maxumus</span> <span class='ocrx_word' id='word_1_150' title='bbox 993 2293 1072 2330; x_wconf 89' lang='lat' dir='ltr'>omen</span> <span class='ocrx_word' id='word_1_151' title='bbox 1181 2291 1218 2333; x_wconf 75' lang='grc'>555</span> 
     </span>
     <span class='ocr_line' id='line_1_25' title="bbox 366 2351 1103 2419; baseline -0.005 -11"><span class='ocrx_word' id='word_1_152' title='bbox 366 2355 473 2408; x_wconf 84' lang='lat' dir='ltr'>Abnuit</span> <span class='ocrx_word' id='word_1_153' title='bbox 492 2357 617 2417; x_wconf 85' lang='lat' dir='ltr'>Aeneas;</span> <span class='ocrx_word' id='word_1_154' title='bbox 636 2351 685 2405; x_wconf 89' lang='lat' dir='ltr'>sed</span> <span class='ocrx_word' id='word_1_155' title='bbox 703 2352 804 2405; x_wconf 89' lang='lat' dir='ltr'>laetum</span> <span class='ocrx_word' id='word_1_156' title='bbox 823 2351 963 2419; x_wconf 82' lang='lat' dir='ltr'>amplexus</span> <span class='ocrx_word' id='word_1_157' title='bbox 983 2354 1103 2406; x_wconf 86' lang='lat' dir='ltr'>Acesten</span> 
     </span>
     <span class='ocr_line' id='line_1_26' title="bbox 366 2427 1035 2495; baseline -0.004 -11"><span class='ocrx_word' id='word_1_158' title='bbox 366 2429 529 2484; x_wconf 89' lang='lat' dir='ltr'>Muneribus</span> <span class='ocrx_word' id='word_1_159' title='bbox 546 2428 667 2483; x_wconf 88' lang='lat' dir='ltr'>cumulat</span> <span class='ocrx_word' id='word_1_160' title='bbox 685 2428 797 2495; x_wconf 87' lang='lat' dir='ltr'>magnis,</span> <span class='ocrx_word' id='word_1_161' title='bbox 816 2444 848 2479; x_wconf 90' lang='lat' dir='ltr'>ac</span> <span class='ocrx_word' id='word_1_162' title='bbox 866 2427 933 2480; x_wconf 88' lang='lat' dir='ltr'>talia</span> <span class='ocrx_word' id='word_1_163' title='bbox 949 2427 1035 2481; x_wconf 81' lang='lat' dir='ltr'>satur:</span> 
     </span>
     <span class='ocr_line' id='line_1_27' title="bbox 366 2502 1125 2574; baseline -0.005 -14"><span class='ocrx_word' id='word_1_164' title='bbox 366 2508 456 2572; x_wconf 82' lang='lat' dir='ltr'>Surae,</span> <span class='ocrx_word' id='word_1_165' title='bbox 475 2509 569 2574; x_wconf 89' lang='lat' dir='ltr'>pater;</span> <span class='ocrx_word' id='word_1_166' title='bbox 587 2521 649 2557; x_wconf 89' lang='lat' dir='ltr'>nam</span> <span class='ocrx_word' id='word_1_167' title='bbox 667 2508 696 2557; x_wconf 94' lang='lat' dir='ltr'>te</span> <span class='ocrx_word' id='word_1_168' title='bbox 714 2503 800 2557; x_wconf 81' lang='lat' dir='ltr'>voluit</span> <span class='ocrx_word' id='word_1_169' title='bbox 818 2519 867 2556; x_wconf 87' lang='lat' dir='ltr'>rex</span> <span class='ocrx_word' id='word_1_170' title='bbox 885 2519 998 2571; x_wconf 88' lang='lat' dir='ltr'>magnus</span> <span class='ocrx_word' id='word_1_171' title='bbox 1017 2502 1125 2571; x_wconf 82' lang='lat' dir='ltr'>Olympi</span> 
     </span>
     <span class='ocr_line' id='line_1_28' title="bbox 366 2578 1054 2649; baseline -0.004 -13"><span class='ocrx_word' id='word_1_172' title='bbox 366 2584 479 2636; x_wconf 87' lang='lat' dir='ltr'>Talibus</span> <span class='ocrx_word' id='word_1_173' title='bbox 496 2581 622 2649; x_wconf 88' lang='lat' dir='ltr'>auspiciis</span> <span class='ocrx_word' id='word_1_174' title='bbox 640 2583 777 2633; x_wconf 85' lang='lat' dir='ltr'>exsortem</span> <span class='ocrx_word' id='word_1_175' title='bbox 797 2579 897 2632; x_wconf 90' lang='lat' dir='ltr'>ducere</span> <span class='ocrx_word' id='word_1_176' title='bbox 917 2578 1054 2633; x_wconf 86' lang='lat' dir='ltr'>honorem.</span> 
     </span>
     <span class='ocr_line' id='line_1_29' title="bbox 366 2654 1218 2726; baseline -0.004 -14"><span class='ocrx_word' id='word_1_177' title='bbox 366 2660 456 2726; x_wconf 89' lang='lat' dir='ltr'>Ipsius</span> <span class='ocrx_word' id='word_1_178' title='bbox 477 2657 612 2711; x_wconf 84' lang='lat' dir='ltr'>Anchisae</span> <span class='ocrx_word' id='word_1_179' title='bbox 630 2656 753 2724; x_wconf 86' lang='lat' dir='ltr'>longaevi</span> <span class='ocrx_word' id='word_1_180' title='bbox 770 2655 821 2708; x_wconf 91' lang='lat' dir='ltr'>hoc</span> <span class='ocrx_word' id='word_1_181' title='bbox 838 2671 936 2708; x_wconf 92' lang='lat' dir='ltr'>munus</span> <span class='ocrx_word' id='word_1_182' title='bbox 953 2654 1074 2723; x_wconf 89' lang='lat' dir='ltr'>habebis,</span> <span class='ocrx_word' id='word_1_183' title='bbox 1181 2669 1218 2709; x_wconf 81' lang='grc'>555</span> 
     </span>
     <span class='ocr_line' id='line_1_30' title="bbox 365 2731 1087 2801; baseline -0.004 -13"><span class='ocrx_word' id='word_1_184' title='bbox 365 2736 481 2789; x_wconf 87' lang='lat' dir='ltr'>Cratera</span> <span class='ocrx_word' id='word_1_185' title='bbox 498 2734 650 2801; x_wconf 89' lang='lat' dir='ltr'>inpressum</span> <span class='ocrx_word' id='word_1_186' title='bbox 668 2732 758 2800; x_wconf 86' lang='lat' dir='ltr'>signis,</span> <span class='ocrx_word' id='word_1_187' title='bbox 776 2748 858 2801; x_wconf 90' lang='lat' dir='ltr'>quom</span> <span class='ocrx_word' id='word_1_188' title='bbox 876 2731 1006 2785; x_wconf 89' lang='lat' dir='ltr'>Thracius</span> <span class='ocrx_word' id='word_1_189' title='bbox 1023 2732 1087 2786; x_wconf 93' lang='lat' dir='ltr'>olim</span> 
     </span>
     <span class='ocr_line' id='line_1_31' title="bbox 365 2808 1060 2877; baseline -0.006 -12"><span class='ocrx_word' id='word_1_190' title='bbox 365 2810 504 2865; x_wconf 86' lang='lat' dir='ltr'>Anchisae</span> <span class='ocrx_word' id='word_1_191' title='bbox 522 2808 640 2877; x_wconf 85' lang='lat' dir='ltr'>genitori</span> <span class='ocrx_word' id='word_1_192' title='bbox 658 2808 685 2860; x_wconf 91' lang='lat' dir='ltr'>in</span> <span class='ocrx_word' id='word_1_193' title='bbox 703 2824 801 2875; x_wconf 87' lang='lat' dir='ltr'>magno</span> <span class='ocrx_word' id='word_1_194' title='bbox 820 2824 933 2861; x_wconf 89' lang='lat' dir='ltr'>munero</span> <span class='ocrx_word' id='word_1_195' title='bbox 951 2808 1060 2862; x_wconf 81' lang='lat' dir='ltr'>Cisseus</span> 
     </span>
     <span class='ocr_line' id='line_1_32' title="bbox 365 2882 1155 2954; baseline -0.003 -14"><span class='ocrx_word' id='word_1_196' title='bbox 365 2887 452 2940; x_wconf 88' lang='lat' dir='ltr'>Ferre</span> <span class='ocrx_word' id='word_1_197' title='bbox 469 2887 512 2940; x_wconf 92' lang='lat' dir='ltr'>sui</span> <span class='ocrx_word' id='word_1_198' title='bbox 530 2885 646 2939; x_wconf 90' lang='lat' dir='ltr'>dederat</span> <span class='ocrx_word' id='word_1_199' title='bbox 663 2888 869 2938; x_wconf 90' lang='lat' dir='ltr'>monumentum</span> <span class='ocrx_word' id='word_1_200' title='bbox 887 2887 916 2937; x_wconf 96' lang='lat' dir='ltr'>et</span> <span class='ocrx_word' id='word_1_201' title='bbox 933 2884 1031 2954; x_wconf 88' lang='lat' dir='ltr'>pignus</span> <span class='ocrx_word' id='word_1_202' title='bbox 1048 2882 1155 2938; x_wconf 81' lang='lat' dir='ltr'>amoris</span> 
     </span>
     <span class='ocr_line' id='line_1_33' title="bbox 364 2959 999 3029; baseline -0.005 -13"><span class='ocrx_word' id='word_1_203' title='bbox 364 2963 411 3016; x_wconf 86' lang='lat' dir='ltr'>Sic</span> <span class='ocrx_word' id='word_1_204' title='bbox 428 2964 500 3016; x_wconf 91' lang='lat' dir='ltr'>fatus</span> <span class='ocrx_word' id='word_1_205' title='bbox 519 2962 604 3029; x_wconf 85' lang='lat' dir='ltr'>cingit</span> <span class='ocrx_word' id='word_1_206' title='bbox 622 2959 751 3013; x_wconf 85' lang='lat' dir='ltr'>viridanti</span> <span class='ocrx_word' id='word_1_207' title='bbox 772 2964 897 3029; x_wconf 88' lang='lat' dir='ltr'>tempora</span> <span class='ocrx_word' id='word_1_208' title='bbox 914 2960 999 3028; x_wconf 89' lang='lat' dir='ltr'>lauro,</span> 
     </span>
     <span class='ocr_line' id='line_1_34' title="bbox 364 3035 1218 3107; baseline -0.006 -15"><span class='ocrx_word' id='word_1_209' title='bbox 364 3040 403 3092; x_wconf 91' lang='lat' dir='ltr'>Et</span> <span class='ocrx_word' id='word_1_210' title='bbox 420 3041 538 3107; x_wconf 87' lang='lat' dir='ltr'>primum</span> <span class='ocrx_word' id='word_1_211' title='bbox 557 3040 620 3090; x_wconf 89' lang='lat' dir='ltr'>anto</span> <span class='ocrx_word' id='word_1_212' title='bbox 638 3035 725 3089; x_wconf 90' lang='lat' dir='ltr'>omnis</span> <span class='ocrx_word' id='word_1_213' title='bbox 742 3036 874 3089; x_wconf 83' lang='lat' dir='ltr'>victorem</span> <span class='ocrx_word' id='word_1_214' title='bbox 891 3036 1013 3104; x_wconf 87' lang='lat' dir='ltr'>appellat</span> <span class='ocrx_word' id='word_1_215' title='bbox 1031 3037 1158 3088; x_wconf 84' lang='lat' dir='ltr'>Acesten.</span> <span class='ocrx_word' id='word_1_216' title='bbox 1181 3047 1218 3087; x_wconf 75' lang='grc'>555</span> 
     </span>
     <span class='ocr_line' id='line_1_35' title="bbox 364 3111 1058 3183; baseline -0.007 -15"><span class='ocrx_word' id='word_1_217' title='bbox 364 3115 391 3168; x_wconf 92' lang='lat' dir='ltr'>N</span> <span class='ocrx_word' id='word_1_218' title='bbox 394 3132 425 3168; x_wconf 91' lang='lat' dir='ltr'>cc</span> <span class='ocrx_word' id='word_1_219' title='bbox 442 3114 530 3167; x_wconf 91' lang='lat' dir='ltr'>bonus</span> <span class='ocrx_word' id='word_1_220' title='bbox 549 3114 680 3183; x_wconf 70' lang='lat' dir='ltr'>Em‘ytion</span> <span class='ocrx_word' id='word_1_221' title='bbox 698 3112 822 3182; x_wconf 90' lang='lat' dir='ltr'>praelato</span> <span class='ocrx_word' id='word_1_222' title='bbox 840 3111 939 3164; x_wconf 83' lang='lat' dir='ltr'>invidit</span> <span class='ocrx_word' id='word_1_223' title='bbox 956 3111 1058 3179; x_wconf 87' lang='lat' dir='ltr'>honori,</span> 
     </span>
     <span class='ocr_line' id='line_1_36' title="bbox 364 3186 1026 3255; baseline -0.006 -12"><span class='ocrx_word' id='word_1_224' title='bbox 364 3192 495 3255; x_wconf 79' lang='lat' dir='ltr'>eramvis</span> <span class='ocrx_word' id='word_1_225' title='bbox 513 3191 586 3243; x_wconf 92' lang='lat' dir='ltr'>solus</span> <span class='ocrx_word' id='word_1_226' title='bbox 604 3207 681 3243; x_wconf 84' lang='lat' dir='ltr'>avem</span> <span class='ocrx_word' id='word_1_227' title='bbox 699 3188 773 3242; x_wconf 89' lang='lat' dir='ltr'>caelo</span> <span class='ocrx_word' id='word_1_228' title='bbox 791 3186 892 3241; x_wconf 88' lang='lat' dir='ltr'>deiecit</span> <span class='ocrx_word' id='word_1_229' title='bbox 910 3186 944 3239; x_wconf 89' lang='lat' dir='ltr'>ab</span> <span class='ocrx_word' id='word_1_230' title='bbox 963 3187 1026 3240; x_wconf 88' lang='lat' dir='ltr'>alto.</span> 
     </span>
     <span class='ocr_line' id='line_1_37' title="bbox 364 3261 1084 3335; baseline -0.008 -15"><span class='ocrx_word' id='word_1_231' title='bbox 364 3268 520 3321; x_wconf 76' lang='lat' dir='ltr'>Proxumus</span> <span class='ocrx_word' id='word_1_232' title='bbox 537 3267 691 3335; x_wconf 88' lang='lat' dir='ltr'>ingreditur</span> <span class='ocrx_word' id='word_1_233' title='bbox 709 3264 794 3331; x_wconf 87' lang='lat' dir='ltr'>donis,</span> <span class='ocrx_word' id='word_1_234' title='bbox 813 3264 861 3332; x_wconf 93' lang='lat' dir='ltr'>qui</span> <span class='ocrx_word' id='word_1_235' title='bbox 878 3262 985 3317; x_wconf 74' lang='lat' dir='ltr'>vincula</span> <span class='ocrx_word' id='word_1_236' title='bbox 1001 3261 1084 3331; x_wconf 88' lang='lat' dir='ltr'>rupit,</span> 
     </span>
     <span class='ocr_line' id='line_1_38' title="bbox 364 3337 1063 3411; baseline -0.007 -14"><span class='ocrx_word' id='word_1_237' title='bbox 364 3345 522 3411; x_wconf 82' lang='lat' dir='ltr'>Extremus,</span> <span class='ocrx_word' id='word_1_238' title='bbox 540 3343 643 3397; x_wconf 83' lang='lat' dir='ltr'>volucri</span> <span class='ocrx_word' id='word_1_239' title='bbox 661 3342 708 3411; x_wconf 93' lang='lat' dir='ltr'>qui</span> <span class='ocrx_word' id='word_1_240' title='bbox 726 3340 788 3394; x_wconf 82' lang='lat' dir='ltr'>fixit</span> <span class='ocrx_word' id='word_1_241' title='bbox 805 3338 938 3392; x_wconf 90' lang='lat' dir='ltr'>arundine</span> <span class='ocrx_word' id='word_1_242' title='bbox 955 3337 1063 3392; x_wconf 86' lang='lat' dir='ltr'>malum.</span> 
     </span>
    </p>

    <p class='ocr_par' dir='ltr' id='par_1_3' title="bbox 356 3414 1235 3568">
     <span class='ocr_line' id='line_1_39' title="bbox 404 3414 1235 3486; baseline -0.006 -14"><span class='ocrx_word' id='word_1_243' title='bbox 404 3422 443 3472; x_wconf 87' lang='lat' dir='ltr'>At</span> <span class='ocrx_word' id='word_1_244' title='bbox 456 3424 540 3486; x_wconf 87' lang='lat' dir='ltr'>pater</span> <span class='ocrx_word' id='word_1_245' title='bbox 557 3422 673 3484; x_wconf 84' lang='lat' dir='ltr'>Aeneas,</span> <span class='ocrx_word' id='word_1_246' title='bbox 692 3416 813 3471; x_wconf 90' lang='lat' dir='ltr'>nondum</span> <span class='ocrx_word' id='word_1_247' title='bbox 832 3415 984 3472; x_wconf 84' lang='lat' dir='ltr'>certam&#39;me</span> <span class='ocrx_word' id='word_1_248' title='bbox 998 3414 1097 3479; x_wconf 68' lang='lat' dir='ltr'>misso,</span> <span class='ocrx_word' id='word_1_249' title='bbox 1191 3422 1235 3460; x_wconf 62' lang='lat'>⁸⁸¹»</span> 
     </span>
     <span class='ocr_line' id='line_1_40' title="bbox 356 3491 1073 3568; baseline -0.003 -22"><span class='ocrx_word' id='word_1_250' title='bbox 356 3494 503 3546; x_wconf 79' lang='lat' dir='ltr'>Custodem</span> <span class='ocrx_word' id='word_1_251' title='bbox 523 3495 561 3547; x_wconf 93' lang='lat' dir='ltr'>ad</span> <span class='ocrx_word' id='word_1_252' title='bbox 577 3512 642 3550; x_wconf 87' lang='lat' dir='ltr'>sese</span> <span class='ocrx_word' id='word_1_253' title='bbox 661 3496 857 3568; x_wconf 83' lang='lat' dir='ltr'>comitemque</span> <span class='ocrx_word' id='word_1_254' title='bbox 872 3494 995 3567; x_wconf 83' lang='lat' dir='ltr'>inpubis</span> <span class='ocrx_word' id='word_1_255' title='bbox 1006 3491 1073 3547; x_wconf 68' lang='lat' dir='ltr'>imi</span> 
     </span>
    </p>
   </div>
   <div class='ocr_carea' id='block_1_3' title="bbox 356 3565 1128 3641">
    <p class='ocr_par' dir='ltr' id='par_1_4' title="bbox 356 3565 1128 3641">
     <span class='ocr_line' id='line_1_41' title="bbox 356 3565 1128 3641; baseline -0.005 -10"><span class='ocrx_word' id='word_1_256' title='bbox 356 3565 481 3630; x_wconf 61' lang='lat' dir='ltr'>Tertium</span> <span class='ocrx_word' id='word_1_257' title='bbox 503 3574 593 3641; x_wconf 83' lang='lat' dir='ltr'>vocat,</span> <span class='ocrx_word' id='word_1_258' title='bbox 613 3575 644 3629; x_wconf 91' lang='lat' dir='ltr'>et</span> <span class='ocrx_word' id='word_1_259' title='bbox 664 3572 758 3631; x_wconf 87' lang='lat' dir='ltr'>fidam</span> <span class='ocrx_word' id='word_1_260' title='bbox 777 3574 821 3633; x_wconf 92' lang='lat' dir='ltr'>sie</span> <span class='ocrx_word' id='word_1_261' title='bbox 839 3576 924 3633; x_wconf 77' lang='lat' dir='ltr'>tatur</span> <span class='ocrx_word' id='word_1_262' title='bbox 942 3573 987 3631; x_wconf 81' lang='lat' dir='ltr'>ad</span> <span class='ocrx_word' id='word_1_263' title='bbox 1004 3583 1128 3627; x_wconf 74' lang='lat' dir='ltr'>aurem·-</span> 
     </span>
    </p>
   </div>
   <div class='ocr_carea' id='block_1_4' title="bbox 0 0 1626 4159">
    <p class='ocr_par' dir='ltr' id='par_1_5' title="bbox 0 0 1626 4159">
     <span class='ocr_line' id='line_1_42' title="bbox 0 0 1626 4159; baseline 0 1"><span class='ocrx_word' id='word_1_264' title='bbox 0 0 1626 4159; x_wconf 95' lang='lat' dir='ltr'> </span> 
     </span>
    </p>
   </div>
  </div>
 </body>
</html>
