3242 4159
647 535 833 586 AENEIDOS
849 537 920 589 LIB.
937 537 989 590 IX.
1201 532 1250 579 25³

394 615 552 684 Contigerit
569 614 674 683 victori,
692 618 722 670 et
738 617 858 685 praedae
875 619 968 674 dicere
984 621 1101 674 sortem:

395 691 510 761 Vidisti,
527 706 582 760 quo
600 691 707 745 Turnus
724 709 803 761 equo,
822 693 922 763 quibus
938 695 997 749 ibat
1013 695 1042 747 in
1060 692 1142 747 armis

394 768 524 833 Aureus;
544 768 635 836 ipsum
652 767 736 836 illum,
754 768 871 838 clipeum
888 770 1041 839 cristasque
1058 768 1184 823 rubentis
1210 780 1246 823 ato

395 842 540 911 Excipiam
559 843 635 911 sorti,
651 844 707 897 iam
724 861 796 898 nunc
812 848 863 899 tua
879 847 1008 916 praemia,
1027 846 1103 901 Nise.

396 918 547 973 Praeterea
563 918 606 972 bis
624 935 673 972 sex
689 920 799 988 genitor
816 921 965 975 lectissima
981 925 1102 976 matrum

396 995 521 1065 Corpora
537 996 713 1065 captivosque
729 996 816 1065 dabit,
835 1013 938 1067 suaque
955 998 1080 1052 omnibus
1097 1011 1188 1062 arma;

396 1071 517 1142 Insuper
532 1072 583 1139 his,
602 1072 691 1141 campi
709 1072 783 1141 quod
800 1090 852 1127 rex
869 1074 953 1128 habet
969 1075 1027 1145 ipse
1045 1074 1167 1130 Latinus.

395 1147 436 1203 'l'e
453 1164 526 1216 vero,
544 1163 606 1201 mea
622 1164 704 1217 quem
722 1148 820 1218 spatiis
836 1150 1009 1220 propioribus
1026 1155 1103 1205 aetas
1209 1165 1246 1205 aaa

396 1223 564 1292 Insequitur,
581 1223 736 1279 venerande
753 1241 829 1293 puer,
846 1226 901 1278 iam
918 1229 1029 1293 pectore
1046 1229 1107 1280 toto

396 1298 511 1367 Accipio
528 1302 557 1354 et
574 1298 701 1353 comitem
718 1316 797 1353 casus
814 1300 971 1368 conplector
987 1300 1016 1374 in
1034 1301 1128 1355 omnis.

396 1374 481 1428 Nulla
491 1375 565 1429 'meis
583 1375 642 1429 sine
657 1378 695 1429 te-
707 1380 854 1444 quaeretur
870 1376 958 1443 gloria
975 1376 1073 1442 rebus3

396 1449 452 1504 Seu
470 1467 564 1519 pacem
583 1466 632 1503 scu
648 1450 722 1504 bella
737 1467 840 1519 geram,
857 1451 909 1505 tibi
926 1468 1055 1505 maxuma
1068 1467 1164 1505 rerum

395 1525 607 1593 Verborumque
624 1525 700 1580 fides
736 1526 840 1580 Oontra
857 1544 939 1597 quem
956 1528 1023 1583 talia
1039 1528 1114 1583 fatur
1208 1542 1244 1581 aaa

396 1601 543 1669 Euryalus:
567 1600 616 1655 Me
633 1602 708 1656 nulla
725 1602 786 1657 dies
803 1606 861 1657 tam
878 1604 996 1658 fortibus
1013 1604 1087 1658 ausis

396 1677 564 1731 Dissimilem
580 1677 718 1745 arguerit3
740 1681 849 1732 tantum
866 1679 976 1734 fortuna
993 1681 1113 1734 secunda

396 1752 483 1807 Haud
500 1753 615 1807 adversa
631 1753 721 1808 eadat.
757 1754 814 1808 Sed
831 1758 861 1808 te
879 1772 962 1825 super
979 1757 1070 1809 omnia
1087 1756 1159 1808 dona

396 1829 490 1884 Unum
507 1845 569 1884 oro:
591 1830 718 1898 genetrix
738 1830 895 1884 Priamide
912 1834 995 1898 gente
1011 1833 1122 1884 vetusta

396 1906 449 1959 Est
465 1905 541 1969 mihi,
559 1921 642 1974 quam
658 1906 787 1959 miseram
804 1907 894 1961 tenuit
911 1922 966 1960 non
983 1906 1037 1960 Ilia
1057 1905 1139 1961 tellus
1160 1933 1162 1937 ·
1207 1921 1243 1961 ass

396 1982 507 2036 Mecum
524 1981 709 2050 excedentem,
726 1998 781 2035 non
798 1983 908 2036 moenia
923 1982 997 2053 regis
1014 1984 1141 2037 Acestae.

397 2057 477 2111 Hanc
494 2074 545 2126 ego
561 2073 634 2111 nune
650 2058 773 2126 ignaram
790 2058 871 2113 haim
883 2060 1074 2129 quodcumque
1091 2058 1187 2130 pericli
1200 2051 1244 2115 c'st

396 2133 487 2203 Inque
504 2133 650 2188 mlutamm
667 2133 775 2205 linquo;
799 2135 862 2190 Nox
879 2139 910 2190 ct
926 2140 976 2191 tua
992 2136 1073 2191 testis

397 2208 528 2276 Dextera,
546 2208 621 2278 quod
637 2225 772 2278 nequeant
790 2210 916 2265 aerinas
933 2213 1056 2282 perferre
1072 2211 1202 2280 parentis.

399 2284 438 2346 At
455 2287 494 2352 tu,
512 2301 568 2354 oro,
585 2284 673 2339 solare
689 2285 806 2355 inopem,
824 2290 854 2340 et
871 2303 998 2341 succurre
1015 2288 1135 2340 relictae.
1208 2302 1245 2340 aaa

396 2360 477 2415 Hanc
494 2361 552 2414 sine
568 2377 613 2415 me
630 2376 707 2429 spem
724 2362 798 2415 ferre
815 2361 870 2416 tui:
894 2363 1040 2416 audentior
1056 2362 1103 2415 ibo

396 2436 431 2489 In
449 2452 528 2490 casus
545 2437 640 2492 omnis.
675 2436 808 2492 Percussa
824 2440 917 2490 mente
934 2436 1038 2491 dedere

395 2510 572 2567 Dardanidae
588 2512 727 2577 lacrimas3
749 2514 815 2566 aute
831 2512 918 2566 omnis
935 2511 1048 2581 pulcher
1065 2511 1150 2580 Iulus,

395 2589 493 2655 Atque
510 2587 631 2643 animum
648 2588 755 2657 patriae
773 2588 886 2641 strinxit
903 2587 1017 2658 pietatis
1034 2587 1132 2656 imago.

395 2663 465 2716 'ium
483 2663 523 2717 sie
540 2664 651 2718 effatur:
1208 2678 1244 2717 aas

395 2738 507 2808 Sponde
522 2739 608 2807 digna
624 2738 681 2792 tuis
697 2738 855 2806 ingentibus
872 2739 964 2794 omnia
981 2740 1093 2810 coeptis.

395 2815 418 2868 N
423 2831 523 2884 amque
541 2815 595 2869 erit
612 2814 668 2867 ista
683 2814 750 2867 mihi
766 2815 901 2884 genetrix,
918 2832 1072 2885 nomenque
1090 2815 1209 2871 Creusae

394 2890 490 2944 Solum
507 2890 634 2959 defixerit,
651 2905 703 2943 nec
719 2895 830 2958 partum
845 2892 936 2960 gratia
952 2892 1038 2945 talem

395 2967 486 3020 Parva
503 2969 605 3021 manet.
641 2966 727 3020 (lasus
744 2967 848 3020 factum
866 2967 1033 3035 quicumque
1050 2968 1208 3034 sequentur,

394 3042 451 3096 Per
468 3046 551 3111 caput
568 3043 620 3097 boo
635 3042 704 3109 iuro,
722 3059 772 3111 per
790 3042 864 3111 qued
880 3044 961 3111 pater
977 3045 1042 3097 ante
1059 3042 1179 3096 solebat:
1206 3057 1243 3096 uu

394 3118 472 3183 Quae
489 3118 542 3172 tibi
558 3117 688 3187 polliceor
703 3118 799 3172 reduci
816 3117 954 3186 rebusque
971 3117 1104 3181 secundis,

394 3194 475 3247 Haec
492 3194 589 3248 eadem
607 3192 743 3261 matrique
760 3196 826 3249 tuae
843 3192 992 3261 generique
1009 3192 1167 3247 manebunt.

392 3269 441 3324 Sic
458 3268 498 3323 ait
515 3268 702 3333 inlamimans3
724 3268 839 3323 humero
856 3268 937 3322 simul
955 3268 1033 3322 exuit
1050 3284 1151 3335 ensem,

393 3341 541 3411 Auratum,
560 3344 630 3398 mira
646 3360 728 3413 quem
745 3345 849 3398 fecerat
866 3348 927 3397 arte
945 3344 1052 3413 Lycaon

393 3421 511 3474 Gnosius
526 3424 611 3489 atque
627 3419 750 3475 babilam
767 3421 871 3491 vagina
888 3424 1002 3493 aptarat
1019 3420 1139 3475 eburna.
1221 3431 1267 3466 ure

377 3495 440 3546 Dat
454 3494 527 3547 Niso
543 3496 714 3552 Mnestheus
734 3500 842 3570 pellem
859 3500 1072 3571 horrentisque
1083 3494 1188 3552 laeuas

365 3566 508 3633 Equ
527 3572 646 3639 galeam
663 3572 746 3635 fidus
762 3584 925 3652 permutat
947 3579 1071 3637 elatea
