3242 4159
394 531 424 576 34
620 529 650 578 P.
669 526 823 577 VERGILI
840 527 1007 576 Maeonis

391 606 430 661 Et
448 605 550 660 selein
567 606 638 660 sicea
655 622 746 660 seeum
764 607 902 675 spatiatur
919 622 1007 659 arena

391 684 435 737 Ne
452 686 585 737 nocturna
603 684 713 752 quidem
732 687 876 752 carpentes
894 699 979 751 pensa
996 682 1103 751 puellae
1222 701 1262 741 sse

391 760 537 814 Nescivere
557 760 682 825 hiemem,
701 762 775 811 testa
794 776 856 811 cum
877 760 992 812 ardente
1010 760 1137 816 riderent

390 836 543 892 Scintillare
562 835 651 888 oleum
671 838 699 889 et
717 836 805 904 putris
825 852 1000 888 concrescere
1016 836 1121 903 fungos.

424 913 483 966 Nec
501 913 589 966 rninus
608 927 643 964 ex
661 911 743 964 imbri
762 912 833 965 soles
853 916 882 964 et
900 918 997 980 aperta
1014 929 1111 967 serena

390 989 549 1057 Prospieere
569 990 598 1041 et
617 988 699 1041 certis
719 989 823 1057 poteris
842 1004 1004 1055 cognoscere
1022 990 1117 1056 sigula:

390 1066 461 1119 Nam
479 1081 569 1133 neque
587 1068 646 1118 tum
665 1064 750 1118 stellis
769 1065 840 1118 acies
858 1064 975 1118 ebsmsa
993 1065 1108 1131 videtur,
1218 1086 1257 1125 395

389 1142 448 1195 Nee
466 1142 559 1195 fratris
578 1141 661 1194 radiis
679 1141 795 1194 obnoxia
813 1157 926 1208 surgere
944 1140 1028 1206 Luna,

389 1218 490 1272 'lenuis
509 1234 560 1271 nec
577 1217 656 1271 lanae
673 1234 723 1285 per
741 1218 847 1271 caelum
864 1217 966 1271 vellera
984 1216 1064 1280 ferri;

388 1293 451 1347 Non
469 1294 594 1362 tepidum
613 1294 649 1346 ad
668 1294 753 1348 solem
771 1310 875 1363 pennas
891 1293 920 1347 in
938 1294 1019 1347 litore
1037 1292 1162 1360 pandunt

388 1369 511 1425 Dilectae
532 1370 640 1423 Thetidi
658 1370 790 1438 alcyones,
808 1387 862 1423 non
880 1386 928 1423 ore
946 1369 1048 1432 solutos

389 1445 518 1499 Inmundi
535 1447 684 1499 meminere
702 1462 764 1499 sues
782 1446 885 1499 iactare
903 1445 1041 1513 maniplos.
1120 1506 1123 1510 ¹
1215 1462 1254 1500 nn

389 1522 429 1575 At
446 1522 562 1574 nebulae
581 1522 668 1588 magis
685 1522 739 1575 ima
756 1524 857 1590 petunt
875 1538 1024 1590 campoque
1041 1521 1215 1588 recumbunt,

388 1597 457 1651 Solis
474 1599 504 1651 et
523 1614 646 1650 occasum
666 1614 776 1651 servans
795 1597 831 1650 de
848 1598 964 1651 culmine
981 1612 1086 1650 summo

387 1672 562 1743 Nequiquam
582 1690 656 1727 seros
676 1676 787 1727 exercet
805 1675 905 1725 noctua
923 1675 1025 1726 cantus

386 1748 514 1818 ,Adparet
532 1748 637 1818 liquido
657 1749 778 1803 sublimis
796 1749 825 1802 in
842 1764 907 1801 aere
925 1748 1015 1814 Nisus,

386 1823 424 1879 Ilt
441 1841 491 1893 pro
510 1841 648 1893 purpureo
668 1841 768 1894 poenas
787 1824 837 1878 dat
855 1823 945 1892 Scylla
963 1822 1074 1891 capill0;
1211 1840 1251 1880 ωε

386 1901 563 1968 Quacumque
582 1900 628 1952 illa
646 1900 733 1952 levem
752 1900 860 1967 fugiens
880 1902 954 1953 secat
971 1898 1083 1951 aethera
1097 1900 1205 1969 pennis,

386 1974 456 2029 nece
473 1974 604 2041 inimicus,
624 1979 711 2041 atrox,
729 1991 827 2042 magno
846 1976 965 2030 stridore
982 1991 1032 2043 per
1050 1991 1130 2028 auras

386 2049 546 2119 Insequitur
566 2050 665 2115 Nisus;
690 2068 743 2119 qua
761 2068 791 2105 se
809 2052 865 2105 fert
883 2051 967 2105 Nisus
985 2050 1021 2103 ad
1039 2067 1127 2118 auras,

385 2125 439 2179 Illa
454 2126 542 2179 levem
561 2126 668 2193 fugiens
687 2128 786 2195 raptim
805 2130 881 2180 secat
898 2127 1013 2180 aethera
1029 2126 1133 2195 pennis.

384 2199 454 2255 'Ium
470 2200 588 2269 liquidas
607 2202 681 2255 cerri
699 2218 793 2270 presso
811 2205 857 2255 ter
873 2204 987 2269 gutture
1005 2218 1084 2255 voees
1209 2218 1248 2256 sio

385 2277 445 2330 Aut
462 2280 560 2344 quater
579 2276 754 2345 ingeminant,
774 2282 802 2332 et
821 2295 903 2346 saepe
921 2278 1056 2331 cubilibus
1072 2276 1144 2345 altis,

383 2352 483 2407 Nescio
501 2370 555 2420 qua
573 2357 683 2422 praeter
704 2354 813 2408 solitum
833 2354 977 2407 dulcedine
995 2354 1068 2419 laeti,

384 2429 463 2484 Inter
480 2446 510 2483 se
527 2431 555 2483 in
575 2432 644 2484 loliis
664 2432 827 2500 strepitant;
852 2430 928 2483 iuvat
945 2429 1077 2483 imbribus
1094 2426 1166 2482 actis

384 2505 546 2574 Progeniem
563 2522 675 2575 parvam
696 2506 836 2575 dulcisque
854 2507 973 2560 revisere
991 2506 1084 2567 nid0s;

384 2580 476 2647 Haud,
495 2581 623 2650 equidem
643 2581 733 2649 credo,
753 2584 817 2651 quia
835 2584 870 2635 sit
889 2581 1016 2635 divinitus
1033 2582 1086 2635 illis
1205 2600 1246 2639 415

384 2654 528 2726 Ingenium
546 2660 594 2709 aut
613 2673 704 2710 rerum
723 2658 780 2710 fato
799 2658 947 2727 prudentia
964 2659 1066 2723 maior3

383 2731 495 2798 Verum,
514 2731 561 2784 ubi
578 2735 728 2800 tempestas
748 2737 777 2787 et
794 2734 861 2787 caeli
878 2734 986 2787 mobilis
1002 2734 1100 2788 humor

383 2806 526 2861 Mutavere
546 2808 602 2860 vias
621 2810 650 2861 et
669 2808 796 2877 Iuppiter
813 2810 912 2862 uvidus
930 2812 1030 2863 austris

383 2882 494 2950 Densct,
512 2885 591 2935 erant
611 2900 682 2951 quac
694 2900 757 2938 rara
771 2884 861 2952 modo,
877 2888 913 2952 et,
930 2902 1000 2953 quae
1017 2887 1110 2954 densa,
1124 2890 1241 2955 relaxat

382 2957 538 3012 Vertuntur
557 2960 660 3027 spectes
678 2961 836 3029 animorum,
855 2964 885 3016 et
902 2964 1015 3030 pectora
1032 2968 1124 3017 motus
1205 2984 1243 3019 sao

381 3034 461 3089 Nunc
478 3035 551 3100 alios,
572 3036 645 3104 alios,
664 3037 730 3091 dum
748 3037 843 3091 nubila
861 3042 959 3092 ventus
977 3040 1087 3107 agebat,

382 3110 556 3181 Goncipiunt:
580 3111 642 3165 hinc
658 3112 704 3166 ille
723 3114 812 3168 avium
832 3121 978 3169 concentus
995 3116 1024 3168 in
1042 3116 1122 3183 agris,

383 3186 418 3240 ln
434 3187 523 3242 laetae
540 3187 667 3257 pecudes,
686 3192 715 3245 et
733 3196 847 3245 ovantes
864 3195 977 3259 gutture
996 3193 1076 3246 corvi.

415 3263 444 3316 si
461 3279 527 3316 vero
545 3266 631 3319 selem
650 3266 686 3319 ad
703 3267 830 3336 rapidum
847 3270 980 3338 lunasque
998 3270 1137 3337 sequentis

371 3336 477 3392 Ordine
493 3342 635 3413 respicies,
654 3361 807 3415 numquam
824 3350 855 3402 te
873 3349 993 3401 crastina
1006 3346 1086 3399 silet
1200 3361 1240 3399 sas

354 3409 444 3479 ΗΘΜ,
465 3432 563 3486 neque
580 3421 693 3477 insidiis
713 3425 806 3479 noetis
824 3426 936 3494 capiere
954 3436 1078 3475 serenae.

344 3478 432 3567 buna,
455 3500 643 3555 revertentis
655 3520 732 3557 ¹cum
748 3503 883 3573 primum
902 3496 1012 3563 colligit
1025 3492 1113 3559 iffi,

344 3554 359 3608 I
375 3561 503 3630 nigrum
527 3572 661 3633 obscuro
683 3576 910 3651 conprenderit
925 3587 1001 3629 aere.
1016 3578 1118 3625 eornm
