3242 4159
391 527 436 574 138
623 526 653 573 Ρ.
671 522 826 573 VERGILI
842 524 1006 575 MARONIS

423 602 538 658 Postera
555 602 665 672 iamque
684 604 743 657 dies
761 604 850 672 primo
868 604 1000 672 surgebat
1018 604 1083 671 Eos,

389 681 612 749 Humentemque
632 681 740 733 Aurora
757 681 819 749 polo
838 680 990 734 dimoverat
1008 682 1148 737 umbram:

388 757 457 811 (lum
475 756 566 810 subito
584 773 600 810 e
618 757 699 820 silvis,
718 757 803 810 macie
821 758 945 810 coniecta
963 774 1098 827 suprema,
1209 774 1247 815 seo

389 832 480 901 Ignoti
498 848 568 886 nova
584 832 672 885 forma
689 832 740 885 viri
758 832 970 899 miserandaque
988 834 1064 887 cultu

388 908 516 962 Procedit
534 909 703 976 supplexque
721 924 817 961 manus
836 908 872 961 ad
890 908 970 961 litora
988 909 1087 965 tendit

388 985 578 1054 Respicimus..
603 984 670 1037 Dira
688 984 802 1037 inluvies
821 982 989 1052 inmissaque
1006 985 1102 1056 barba,

388 1061 550 1115 Consertum
568 1062 698 1133 tegumen
718 1060 818 1127 spinis;
835 1062 865 1113 at
883 1063 977 1113 cetera
995 1061 1102 1132 Graius,

388 1137 425 1191 Et
442 1136 580 1205 quondam
597 1135 694 1202 patriis
710 1134 747 1188 ad
765 1135 874 1189 Troiam
891 1136 991 1190 missus
1008 1137 1037 1190 in
1054 1140 1145 1194 armis.
1208 1156 1246 1195 555

389 1212 471 1281 Isque
489 1212 537 1265 ubi
555 1210 709 1264 Dardanios
726 1211 836 1265 habitus
855 1215 884 1265 et
902 1212 983 1265 Troia
1001 1213 1072 1268 vidit
1156 1221 1209 1268 “N

389 1291 475 1342 Arma
491 1286 593 1357 procul,
611 1287 721 1357 paulum
739 1291 853 1356 aspectu
870 1288 1035 1342 conterritus
1053 1290 1149 1357 haesit,

388 1364 583 1433 Continuitque
601 1363 732 1432 gradum;
750 1380 814 1416 mox
832 1380 892 1417 sese
910 1363 946 1417 ad
964 1364 1046 1418 litora
1063 1383 1196 1444 ppsmee
1210 1361 1290 1460 yffi

388 1441 457 1511 Cum
475 1440 543 1494 fletu
560 1439 742 1509 precibusque
761 1424 913 1493 tulit:ll5er
932 1439 1024 1494 sidera
1041 1444 1138 1510 testor,
1229 1444 1243 1452 ''
1273 1460 1289 1472 ”

388 1515 442 1570 Per
459 1532 571 1585 superos
589 1519 672 1583 atque
690 1514 741 1568 hoe
759 1515 826 1568 caeli
845 1515 974 1583 spirabile
992 1515 1094 1585 lumen,
1206 1534 1245 1573 eoo

388 1591 485 1645 Tollite
502 1607 554 1657 me,
573 1591 685 1656 Teucri;
703 1607 888 1659 quascumque
905 1590 1034 1646 abducite
1051 1596 1156 1659 terras;

389 1668 449 1721 Hoc
467 1670 509 1721 sat
526 1667 586 1721 erit.
624 1666 686 1721 Scio
704 1683 748 1719 me
769 1667 871 1719 Danais
890 1683 906 1720 e
924 1660 1055 1723 classibus
1073 1686 1167 1738 unum,

387 1743 425 1798 ut
441 1743 512 1797 bello
532 1744 631 1797 Iliacos
648 1742 738 1797 fatcor
755 1742 869 1811 petiisse
888 1742 1007 1797 Penatis.

387 1819 442 1873 Pro
460 1836 521 1888 quo,
539 1820 562 1873 si
579 1819 689 1873 sceleris
707 1823 785 1874 tanta
802 1822 846 1872 est
864 1818 963 1873 iniuria
980 1819 1073 1886 nostri,

387 1896 515 1964 Spargite
527 1913 571 1950 me
582 1897 610 1949 in
622 1896 729 1964 fluctus,
741 1898 873 1963 vastoque
886 1896 1032 1963 inmergite
1043 1900 1135 1965 ponto.
1206 1911 1244 1951 eos

387 1972 417 2025 Si
433 1989 522 2041 pereo,
541 1971 680 2025 hominum
699 1971 824 2025 manibus
844 1971 958 2039 periisse
975 1971 1087 2027 iuvabit.

389 2047 508 2112 Dixerat,
526 2051 556 2101 et
573 2063 663 2114 genua
680 2046 821 2114 amplexus
839 2046 1009 2114 genibusque
1027 2048 1154 2103 uolutans

387 2122 536 2177 Haerebat.
572 2122 625 2186 Qui
643 2123 687 2187 sit,
705 2122 763 2185 fari,
782 2139 836 2190 quo
855 2123 986 2191 sanguine
1003 2127 1102 2192 cretus,

387 2199 554 2264 Hortamur;
573 2215 643 2266 quae
662 2198 761 2252 deinde
778 2200 866 2267 agitet
883 2200 1001 2265 fortuna,
1018 2200 1106 2255 fateri

387 2275 453 2343 Ipse
463 2278 543 2345 pater
555 2274 683 2328 dextram
698 2275 841 2343 Anchises,
854 2274 929 2329 haud
941 2276 1027 2329 multa
1038 2278 1170 2344 moratus,
1205 2292 1244 2331 ero

387 2350 444 2405 Dat
460 2350 558 2419 iuveni,
577 2353 661 2418 atque
679 2351 799 2405 animum
817 2352 955 2420 praesenti
972 2353 1085 2421 pignore
1103 2353 1203 2407 firmat

388 2427 440 2482 ille
457 2427 531 2495 haee,
549 2427 675 2495 deposita
692 2426 804 2481 tandem
822 2428 974 2496 formidine,
991 2428 1078 2483 fatur:

387 2502 453 2577 ¹Sum
470 2504 561 2571 patria
578 2520 612 2557 ex
632 2503 735 2572 Ithaca,
754 2520 845 2558 eomes
863 2503 977 2558 infelicis
995 2504 1078 2572 Ulixi,

387 2579 496 2632 Nomen
515 2580 725 2647 Achemenides,
747 2580 855 2634 Troiam
873 2581 996 2648 genitore
1015 2580 1168 2638 Adamasto
1235 2581 1238 2587 '

388 2655 746 2723 Paupere—mansissetqne
758 2657 864 2711 utinam
876 2657 986 2711 fortuna
993 2658 1180 2725 l-profeetus
1206 2672 1244 2711 ers

388 2731 511 2799 Hieme,
530 2731 595 2785 dum
613 2732 716 2800 trepidi
734 2732 856 2787 crudelia
873 2733 967 2787 limina
983 2732 1120 2802 linquunt,

388 2807 555 2861 Inmemores
574 2807 639 2861 socii
657 2812 734 2862 vasto
753 2809 877 2878 Cyclopis
896 2811 924 2862 in
942 2813 1022 2864 antro

387 2879 549 2938 Deseruere.
585 2882 689 2938 Domus
707 2886 782 2939 sanie
801 2885 973 2955 dapibusque
991 2885 1121 2952 omentis,

388 2956 466 3014 intus
484 2976 575 3029 opaca,
593 2960 695 3028 ingens.
733 2961 797 3030 Ipse
815 2962 926 3029 arduus,
944 2962 1055 3030 altaque
1071 2961 1164 3029 pulsat
1268 2985 1278 3004 ·

387 3037 562 3101 Sidera-Di,
581 3038 665 3091 talem
683 3040 766 3093 terris
783 3038 901 3093 avertite
919 3042 1025 3107 pestem
1033 3041 1074 3092 l-
1208 3051 1246 3091 aaa

387 3109 412 3165 N
414 3130 446 3166 ec
463 3114 522 3167 visu
540 3114 627 3167 facilis
645 3130 695 3170 nee
712 3114 788 3169 dictu
808 3113 936 3169 adfabilis
953 3114 1009 3167 ulli.

387 3188 546 3245 Visceribus
563 3193 723 3245 miserorum
742 3196 772 3246 et
789 3191 921 3259 sanguine
940 3191 1060 3245 vescitur
1077 3192 1146 3244 atro.
1174 3189 1187 3208 ⁸

387 3264 453 3319 Vidi
471 3272 587 3336 egomet,
605 3268 659 3322 duo
679 3268 715 3322 de
732 3284 845 3322 numero
863 3284 925 3320 cum
943 3282 1057 3334 corpora
1074 3269 1170 3320 nostro

386 3341 490 3395 Prensa
506 3360 589 3398 manu
607 3361 706 3414 magna
723 3344 815 3398 medio
833 3344 977 3412 resupinus
995 3342 1022 3394 in
1041 3344 1122 3394 antro
1210 3385 1213 3389 .

357 3415 531 3485 mergeret
547 3421 585 3477 ad
605 3440 714 3492 saxum,
733 3422 870 3492 sanieque
887 3433 1020 3486 esspersa
1034 3418 1166 3467 natarent
1213 3429 1253 3465 sa

348 3486 488 3560 ὖῂΰίῆθί
509 3499 571 3553 ridi
591 3506 659 3558 atro
680 3520 747 3559 eum
767 3498 903 3557 membra
917 3488 1123 3549 lluent'iatabo

344 3557 511 3642 Venderet,
534 3580 567 3632 et
590 3581 694 3653 tepidi
715 3579 890 3639 tremerent
907 3570 964 3629 sub
983 3562 1120 3620 deuturus
1135 3559 1229 3609 artua.
