3242 4159
368 535 417 583 230
596 530 626 579 P.
645 528 801 577 VERGILI
818 527 987 576 Mnlroaus

368 613 519 666 Torrentur
535 610 596 664 visu
613 608 712 677 subito,
730 607 876 677 cunctique
893 607 997 661 relictis

369 689 544 754 Consurgunt
561 686 670 739 mensis.
709 684 810 739 Audax
828 700 896 751 quos
913 699 1043 751 rumpere
1062 682 1155 739 Pallas
1187 698 1219 739 ut
1261 753 1263 756 ι

369 764 452 819 Sacra
469 766 553 831 vetat,
571 766 707 831 raptoque
724 761 798 814 volat
816 760 872 814 telo
889 759 986 814 obrius
1003 760 1073 829 ipse,

369 840 406 894 Et
423 838 518 909 procul
536 856 552 893 e
570 839 689 893 tumulo:
709 838 835 904 Iuvenes,
854 852 925 905 quae
942 852 1038 890 caussa
1057 836 1170 907 subegit

369 916 482 985 ignotas
500 918 637 983 temptare
654 914 728 967 viasi
746 929 801 980 quo
819 912 951 967 tenditis?
968 912 1068 981 inquit.

369 992 423 1057 Qui
442 993 544 1060 genusl
563 990 636 1043 unde
654 989 752 1044 ilomol
769 1005 901 1058 pacemne
911 988 964 1043 hnc
974 989 1063 1057 fertis
1080 1006 1117 1045 an
1134 992 1224 1046 armat

369 1068 438 1122 'lum
455 1070 536 1137 pater
556 1068 666 1120 Aeneas
683 1066 768 1135 puppi
787 1066 826 1120 sic
844 1066 919 1119 fatur
936 1065 972 1119 ab
989 1065 1053 1132 alta,
1191 1083 1224 1122 115

370 1143 566 1211 Paciferaeque
584 1158 667 1195 manu
685 1158 791 1195 ramum
809 1142 969 1211 praetendit
986 1142 1090 1199 olivae:

370 1220 538 1287 Troiugenas
555 1235 587 1272 ao
604 1218 660 1272 tela
677 1218 755 1272 vides
772 1217 881 1273 inimica
899 1218 1014 1286 Latinis,

371 1297 445 1361 Quos
462 1296 501 1348 illi
519 1294 592 1349 bello
609 1295 739 1363 profugos
758 1310 840 1361 egere
858 1294 983 1364 superbo.
1133 1326 1136 1330 ·

371 1372 530 1427 Euandrum
548 1372 674 1441 petimus.
712 1370 797 1425 Ferte
814 1370 889 1437 haec,
907 1373 937 1425 et
955 1370 1039 1425 dicite
1055 1371 1144 1427 lectos

371 1450 526 1503 Dardaniae
543 1449 648 1503 venisse
667 1447 757 1515 duces,
775 1447 849 1500 socia
865 1464 941 1501 arma
958 1448 1088 1515 rogantis
1191 1462 1225 1503 ln

371 1526 514 1594 Obstipuit
533 1528 612 1578 tanto
629 1524 770 1593 perculsus
788 1524 896 1577 nomine
915 1523 1019 1578 Pallas:

371 1601 511 1670 Egredcre
529 1615 545 1653 ο
564 1600 727 1667 quicumque
746 1615 783 1666 cs,
802 1599 850 1667 ait,
867 1616 1013 1667 coramque
1030 1602 1177 1679 par-eptem

372 1678 539 1747 Adloquere,
557 1692 588 1729 ac
605 1676 706 1729 nostris
724 1675 839 1729 succede
856 1675 1001 1744 penatibus
1017 1674 1126 1744 hospes

372 1754 541 1823 Excepitque
558 1770 648 1819 manu,
668 1751 849 1820 dextramque
866 1751 1009 1820 amplexus
1027 1751 1155 1808 inhaesit

372 1828 515 1899 Progressi
533 1830 651 1884 subeunt
668 1828 735 1893 luco,
754 1827 921 1895 fluviumque
938 1828 1106 1897 relinquunt.
1193 1842 1228 1883 125

406 1906 474 1959 Tum
492 1923 585 1974 regem
604 1906 714 1959 Aeneas
732 1903 813 1957 dictis
831 1904 942 1958 adfatur
959 1904 1067 1959 amicis:

372 1981 491 2050 Optmne
510 1982 702 2048 Graiugenum,
721 1980 764 2034 cui
780 1996 825 2033 me
837 1980 966 2033 ⁴Fortuna
983 1980 1092 2049 premii

371 2056 409 2111 Et
425 2058 494 2111 vitta
512 2060 637 2125 comptos
656 2056 742 2109 voluit
760 2056 943 2124 praetendere
961 2072 1060 2124 ramos,

371 2133 434 2187 Non
452 2132 580 2200 equidem
598 2133 720 2199 extimui,
738 2131 864 2185 Danaum
883 2133 957 2200 quod
976 2132 1073 2187 ductor
1091 2135 1123 2189 et
1141 2135 1229 2189 Area

372 2209 508 2277 Quodque
518 2207 554 2262 ab
567 2209 651 2276 stirpe
663 2209 736 2262 fores
748 2210 862 2276 geminis
874 2210 1035 2263 coniunctus
1044 2209 1173 2277 Atridis3
1195 2222 1230 2264 ιω

372 2286 429 2340 Sed
446 2301 507 2339 mea
523 2301 568 2338 me
585 2285 674 2338 virtus
691 2288 720 2339 et
738 2289 833 2339 sancta
850 2285 960 2339 oracula
976 2285 1077 2353 divom,

373 2362 542 2431 Cognatique
560 2365 661 2431 patres,
680 2365 728 2415 tua
746 2362 829 2415 terris
847 2361 936 2415 didita
952 2361 1032 2429 fama,

374 2439 544 2494 coniunxere
562 2438 621 2506 tibi,
640 2442 669 2493 ct
686 2437 750 2493 fatis
768 2455 850 2506 egere
868 2437 1012 2492 volentem.

373 2514 526 2585 Dardanus,
544 2516 644 2570 Iliacae
661 2515 765 2585 primus
783 2517 863 2582 pater
881 2515 957 2568 urbis
975 2519 1005 2569 et
1021 2517 1126 2585 auctor,

374 2591 490 2660 Electra,
508 2596 539 2645 ut
558 2593 634 2645 Graii
651 2591 804 2660 perhibent,
824 2590 970 2645 Atlantide
987 2595 1089 2657 cretus,
1195 2606 1230 2645 rat

374 2669 530 2722 Advchitur
548 2669 680 2733 Teucros3
699 2668 837 2721 Electram
854 2684 998 2721 maxumus
1016 2667 1098 2721 Atlas

374 2743 476 2810 Edidit,
495 2743 630 2796 aetherios
648 2742 761 2796 humero
780 2743 827 2811 qui
846 2744 964 2797 sustinet
981 2743 1063 2797 orbis.

373 2817 460 2872 Vobis
479 2818 630 2873 Mercurius
648 2822 729 2886 pater
746 2821 796 2886 est,
816 2836 898 2887 quem
916 2819 1033 2873 candida
1051 2818 1128 2873 Maia

374 2894 500 2963 Cyllenae
518 2894 609 2962 gelido
628 2898 789 2963 conceptum
808 2896 911 2950 vertice
928 2895 1017 2963 iudit3

374 2972 415 3025 At
433 2972 542 3039 Maiam,
560 2971 660 3025 auditis
678 2972 700 3025 si
720 2972 866 3040 quicquam
885 2971 1029 3037 credimus,
1049 2970 1141 3037 Atlas,
1198 2985 1235 3025 ru

375 3048 455 3103 Idem
474 3049 555 3104 Atlas
573 3051 693 3118 generat,
711 3048 778 3102 caeli
797 3049 843 3117 qui
864 3049 954 3103 sidera
971 3048 1051 3103 tollit.

374 3124 419 3179 Sic
436 3143 522 3194 genus
539 3126 681 3179 amborum
699 3124 799 3179 scindit
817 3142 847 3179 se
865 3125 995 3193 sanguine
1012 3106 1128 3179 afflnno.

375 3200 428 3254 His
446 3202 533 3256 fretus
552 3202 730 3269 nonslegaros
749 3218 840 3270 neque
857 3202 946 3269 prima
963 3218 1014 3270 per
1031 3205 1121 3255 artem

374 3275 583 3346 (temptamenta
600 3279 642 3332 tui
660 3278 766 3347 pepigi;
783 3294 835 3345 mc,
853 3294 898 3331 me
915 3277 974 3347 ipse
991 3292 1139 3344 meumque

373 3352 471 3407 Obieci
488 3358 570 3422 caput
589 3357 618 3408 et
637 3355 752 3423 supplex
770 3354 807 3407 ad
824 3353 920 3407 limina
936 3354 1006 3408 veni.
1126 3361 1135 3375 ·
1196 3366 1235 3405 14⁵

366 3426 442 3483 Gens
456 3431 563 3501 eadem,
585 3448 659 3504 quae
677 3435 715 3503 te,
734 3430 843 3489 crudeli
857 3430 969 3485 Daunia
980 3429 1055 3483 belle

346 3502 519 3577 Insequitur
523 3535 535 3580 ;
552 3531 607 3571 nos
625 3515 652 3571 si
668 3514 791 3589 pellant,
811 3510 888 3567 nihil
903 3508 983 3562 aiore
999 3502 1131 3585 credunt,
1168 3567 1175 3580 ι

335 3576 407 3641 9111'n
425 3603 548 3647 omnem
572 3593 763 3666 Hesperiam
780 3590 902 3665 penitus
920 3596 977 3639 suu·
989 3575 1048 3634 sill)
1060 3586 1131 3637 ruga
1140 3570 1270 3619 mm*
