3242 4159
646 517 830 567 AENEIDOS
851 517 921 565 LIB.
945 516 968 565 Ι.
1210 520 1242 569 87

382 601 578 669 Daetorosque
594 597 669 668 ipsos
686 597 813 667 primum,
831 598 922 666 capita
939 598 996 651 alta
1012 598 1127 652 ferentis
1234 611 1237 614 ·

382 676 522 732 cornibus
539 674 667 738 arboreis,
686 675 792 742 sternit,
811 677 871 727 tum
889 674 992 741 volgus,
1010 678 1039 727 ct
1057 691 1164 728 omnem
1205 690 1241 729 100

382 753 486 806 Miscet
502 767 587 819 agens
604 750 668 803 telis
685 766 797 803 nemora
813 750 887 803 inter
903 750 1018 803 frondea
1035 750 1160 817 turbam;

383 829 445 882 Nee
462 827 539 896 prius
556 825 673 894 absistit,
691 843 775 894 quam
793 830 900 895 septem
918 826 1040 893 ingentia
1057 827 1143 880 vietor
1177 890 1179 896 Α

383 904 507 972 Corpora
518 902 618 956 fundat
629 902 705 955 humi
718 905 748 955 et
760 919 903 956 numerum
915 919 976 956 cum
990 903 1105 955 navibus
1116 907 1223 972 aequet.

383 979 460 1034 Hine
477 981 588 1048 portum
606 979 685 1047 petit,
704 982 733 1032 ct
750 979 835 1032 socios
853 980 973 1047 partitur
989 979 1017 1032 in
1035 980 1129 1032 omnis.

383 1055 458 1109 Vina
476 1054 564 1110 bonus
582 1071 653 1123 quae
671 1054 772 1107 deinde
790 1055 865 1108 cadis
883 1058 1010 1108 onerarat
1028 1058 1143 1108 Acestes
1204 1072 1240 1110 ros

366 1132 481 1186 Litore
499 1131 637 1184 Trinacrio
655 1130 826 1198 dederatque
844 1131 1007 1183 abeuntibus
1024 1132 1112 1198 heros,

384 1207 500 1273 Dividit,
519 1210 548 1260 et
565 1206 646 1260 dictis
664 1207 815 1259 maerentia
831 1210 942 1273 pectora
960 1208 1074 1262 mulcet:

339 1295 357 1334 e
420 1284 444 1337 0
458 1283 651 1350 socii-neque
664 1282 736 1336 enim
748 1282 836 1349 ignari
848 1299 940 1336 sumus
952 1287 1016 1336 oute
1028 1283 1198 1336 malorum-

385 1360 409 1413 Ο
429 1360 502 1428 passi
518 1359 650 1427 graviora,
670 1358 748 1411 dabit
766 1359 835 1411 deus
853 1360 896 1412 liis
915 1376 1024 1427 quoque
1041 1360 1130 1413 finem.

385 1436 444 1489 Vos
463 1438 492 1488 et
510 1434 658 1503 Scyllaeam
675 1434 779 1487 rabiem
797 1435 961 1504 penitusque
978 1434 1099 1489 sonantis
1202 1450 1239 1490 000

385 1512 512 1565 Aeeestis
530 1511 661 1579 scopulos,
680 1527 727 1564 vos
745 1514 774 1563 ct
793 1511 919 1579 Cyclopia
937 1529 1002 1565 saxa

384 1587 515 1655 Experti:
537 1590 663 1640 revocate
680 1586 791 1653 animos,
809 1591 998 1656 maestumque
1016 1590 1144 1643 timorem

384 1664 506 1718 Mittite:
526 1663 617 1716 forsan
637 1662 750 1716 ethaeo
768 1663 831 1715 olim
850 1665 1004 1716 meminisse
1020 1666 1132 1719 iuvabit.

385 1740 442 1793 Per
459 1738 548 1792 varios
566 1754 651 1806 casus,
669 1755 719 1808 per
737 1741 780 1791 tot
798 1738 955 1791 discrimina
973 1757 1064 1793 rerum
1152 1787 1155 1792 .

385 1815 534 1869 Tendimus
551 1815 580 1868 in
598 1815 714 1880 Latium,
734 1813 814 1867 sedes
832 1814 878 1866 ubi
897 1815 953 1867 lata
971 1815 1078 1882 quietas
1202 1831 1239 1871 005

385 1892 560 1957 Ostenduut3
578 1891 693 1965 illicias
710 1908 794 1959 regua
812 1900 956 1959 resurgere
976 1892 1078 1947 Troiae.

384 1968 498 2036 Durate,
518 1973 547 2022 et
565 1971 671 2022 vosmet
687 1968 770 2020 rebus
790 1972 896 2021 servato
916 1968 1047 2021 secundis.

420 2045 495 2098 Talia
512 2062 578 2098 voce
596 2046 688 2112 refert,
708 2043 834 2112 curisque
852 2044 1008 2112 ingentibus
1026 2062 1109 2114 aeger

384 2121 467 2190 Spem
486 2121 562 2176 voltu
579 2121 695 2188 simulat,
714 2120 816 2189 premit
834 2121 920 2174 altum
938 2122 1020 2176 eorde
1039 2123 1167 2177 dolorem.

383 2198 431 2250 illi
449 2215 479 2252 so
495 2198 615 2266 praedae
633 2199 778 2266 accingumt
798 2197 967 2267 dapibusque
984 2200 1096 2254 futuris:
1201 2213 1239 2253 210

383 2274 506 2342 Tergora
524 2275 664 2343 deripiunt
682 2276 764 2328 costis
783 2279 812 2328 ct
830 2275 934 2329 viscera
951 2276 1071 2339 nudaut3

383 2351 454 2404 Pars
471 2352 499 2404 in
516 2352 604 2405 frusta
621 2356 714 2432 secant
732 2351 896 2419 veribusque
914 2353 1060 2403 trementia
1077 2352 1180 2417 figvmt3

383 2426 478 2481 Litore
496 2444 564 2481 aena
581 2428 671 2481 locant
689 2428 740 2495 alii,
759 2428 936 2494 flammasque
957 2426 1120 2478 ministrant.

383 2503 453 2556 'rum
472 2503 546 2557 victu
562 2507 691 2557 revocant
708 2504 781 2570 viris,
801 2503 910 2571 fusique
928 2520 978 2570 por
995 2501 1107 2554 herbam

383 2579 531 2647 Inplentur
548 2581 648 2633 veteris
668 2580 767 2633 Bacchi
786 2580 950 2648 pinguisque
969 2577 1078 2630 ferinae.
1201 2592 1237 2631 ns

383 2656 533 2725 Postquam
553 2661 680 2725 exempta
697 2658 783 2709 fames
803 2656 890 2724 epulis
908 2671 1072 2723 mensaeque
1091 2658 1219 2722 remotae,

382 2732 509 2786 Amissos
526 2732 605 2801 longo
624 2734 709 2786 socios
729 2749 854 2785 sermono
874 2732 1026 2801 requirunt,

382 2810 521 2878 Spemque
540 2814 697 2877 motumque
716 2810 789 2863 inter
808 2810 891 2874 dubii,
911 2827 959 2863 seu
977 2810 1068 2862 vivero
1085 2808 1208 2875 credant,

382 2886 447 2940 Sive
466 2891 591 2940 extrema
608 2887 666 2955 pati
684 2905 734 2940 neo
752 2887 805 2940 iam
826 2888 954 2939 exaudire
972 2888 1087 2938 vocatos.

383 2963 535 3032 Praecipue
554 2964 615 3032 pius
636 2965 744 3017 Aeneas
762 2981 833 3016 nunc
852 2964 921 3015 acris
941 2960 1047 3027 Oronti,
1201 2973 1237 3011 200

382 3039 464 3093 Nunc
483 3041 581 3108 Amyci
599 3057 691 3094 casum
710 3039 796 3107 gemit
814 3042 844 3091 et
861 3037 982 3092 crudelia
1000 3051 1090 3089 secum

383 3114 455 3168 Fata
473 3115 545 3184 Lyci,
563 3116 717 3184 fortemque
737 3117 822 3184 Gyan,
842 3116 994 3181 fortemque
1014 3108 1183 3164 Cloanthum.

418 3191 455 3245 nt
472 3192 526 3245 iam
545 3192 606 3244 finis
625 3198 692 3259 crat,
710 3209 770 3245 cum
790 3191 916 3259 Iuppiter
933 3189 1044 3241 aethere
1062 3199 1168 3237 summo

382 3267 544 3338 Despieiens
561 3284 637 3322 mare
654 3268 797 3321 velivolum
816 3271 959 3332 terrasque
977 3262 1090 3316 iacentis

383 3345 535 3412 Litoraque
553 3341 582 3398 et
599 3344 671 3398 latos
688 3344 808 3413 populos,
828 3344 865 3394 sic
883 3340 985 3393 vertice
1003 3338 1070 3392 caeli
1201 3350 1237 3390 aar

368 3420 516 3494 ‘Constitit
533 3424 562 3472 et
578 3420 683 3488 Libyae
700 3420 800 3474 defixit
817 3419 921 3473 lumina
937 3417 1043 3488 regnis.

342 3501 354 3530 -’
368 3495 469 3576 Aeque
484 3493 563 3546 illum
583 3496 648 3550 talis
664 3497 822 3554 iactantem
841 3502 965 3571 pectere
982 3512 1069 3552 eurus

356 3563 480 3616 ff¹⁷⁸⁶¹⁰f
494 3569 526 3620 ⁰ss
541 3569 668 3628 lammis
688 3576 791 3636 oculos
808 3579 926 3637 suffusa
943 3575 1075 3636 nitentis
