3242 4159
546 516 727 566 AENEIDOS
745 518 816 571 LIB.
834 518 868 567 V.
1084 522 1129 570 171

355 613 431 651 urere
447 599 523 650 retro
541 597 622 665 longe
640 598 731 666 capita
748 599 835 653 ardua
851 598 887 653 ab
904 599 967 664 ictu,

355 676 483 741 scentque
501 690 598 727 manus
615 675 749 743 manibus,
767 692 942 745 pugnamque
958 676 1101 731 lacessunt

355 749 451 819 pedum
469 749 565 803 melior
582 752 667 819 motu,
685 750 828 820 fretusque
844 751 962 819 iuventa,
1093 767 1130 807 eso

355 826 479 879 membris
498 829 527 879 ot
544 827 615 880 mole
633 827 741 893 valens;
759 827 809 881 sed
827 827 908 881 tarda
924 830 1054 882 trementi

355 918 374 954 a
390 901 493 968 labant,
512 905 602 955 vastos
621 903 712 971 quatit
729 920 812 971 aeger
830 903 965 957 anhelitus
982 907 1066 959 artus.

355 978 437 1032 aviri
455 978 619 1046 nequiquam
638 979 711 1032 inter
729 996 759 1032 se
777 979 887 1033 volnera
903 979 1015 1047 iactant,

355 1072 368 1107 a
385 1071 451 1107 cavo
469 1054 549 1107 lateri
566 1045 736 1122 ingeminant
754 1059 784 1109 et
801 1058 914 1124 pectore
931 1059 1023 1110 vastos

371 1130 482 1196 sonitus,
502 1136 630 1199 erratque
649 1131 722 1184 aruris
741 1135 770 1184 ct
787 1134 914 1200 tempora
931 1132 1032 1185 circum
1094 1146 1131 1186 sss

355 1223 383 1259 ra
399 1223 501 1269 manns,
521 1205 590 1259 duro
609 1207 745 1274 crepitant
763 1206 814 1260 sub
832 1207 942 1261 volnere
959 1208 1053 1263 malae.

358 1282 449 1350 gravis
467 1281 592 1335 Entellus
609 1282 725 1350 nisuque
741 1283 861 1336 inmotus
879 1283 983 1351 eodem,

355 1374 399 1411 ore
416 1357 472 1411 tela
489 1357 570 1410 modo
589 1361 672 1426 atquo
690 1358 775 1411 oeulis
792 1358 967 1425 vigilantibus
985 1359 1051 1414 exit.

356 1433 431 1488 velut
449 1433 548 1487 celsam
566 1437 706 1502 oppugnat
724 1434 770 1501 qui
788 1433 905 1507 molibus
921 1435 1026 1503 urbem,

357 1514 487 1564 montana
505 1510 584 1563 sedet
602 1510 702 1563 circum
719 1510 833 1564 castella
850 1510 901 1564 sub
918 1511 1010 1580 armis,
1093 1524 1130 1565 eso

355 1607 358 1638 :
375 1587 432 1654 hos,
451 1603 522 1639 nune
538 1586 599 1639 illos
617 1586 715 1654 aditus,
733 1603 897 1655 omnemque
913 1589 1038 1656 perennat

368 1664 463 1728 locum,
481 1665 511 1716 et
528 1663 609 1715 variis
627 1662 781 1716 adsultibus
798 1662 898 1717 inritus
914 1666 1022 1731 urguet

355 1738 409 1792 adit
427 1738 553 1792 dextram
571 1739 714 1805 insurgens
733 1738 857 1791 Entellus
875 1742 905 1793 et
922 1738 978 1793 alte

355 1815 398 1869 lit:
417 1814 463 1867 ille
480 1814 564 1867 ictum
582 1815 734 1867 venientem
753 1815 889 1867 avertice
906 1813 985 1867 velox
1056 1821 1058 1823 ’

355 1891 427 1957 uidit,
447 1890 583 1958 celerique
602 1891 709 1959 elapsus
727 1907 840 1959 corpore
857 1890 954 1944 cessit:
1092 1903 1129 1945 stt

355 1967 403 2020 llus
421 1967 487 2019 viris
505 1967 532 2018 in
551 1970 662 2020 ventum
680 1966 783 2033 effudit,
798 1969 833 2020 et
849 1965 923 2020 ultro

359 2043 450 2111 gravis
467 2043 644 2110 graviterque
662 2043 698 2096 ad
715 2046 819 2096 terram
836 2041 958 2111 pondere
974 2045 1052 2097 uasto

355 2119 417 2173 idit:
435 2123 466 2172 ut
485 2118 620 2187 quondam
639 2136 704 2173 cava
721 2119 841 2173 concidit
857 2122 906 2173 aut
925 2117 1099 2187 Erymantho,

356 2196 409 2248 Ida
425 2195 453 2247 in
472 2211 576 2262 niagno,
594 2194 731 2248 radicibus
749 2199 829 2249 eruta
845 2196 932 2263 pinus.

355 2274 452 2338 urgunt
470 2270 568 2323 studiis
588 2271 682 2323 Teucri
701 2274 730 2323 et
748 2270 888 2323 Trinacria
904 2268 992 2338 pubes
998 2290 1005 2335 ;
1092 2282 1129 2323 rso

355 2363 426 2400 amor
443 2347 525 2413 caele,
543 2348 702 2415 primusque
720 2346 837 2399 accurrit
856 2347 980 2413 Acestes,

355 2439 512 2489 laevumque
530 2422 565 2474 ab
583 2423 665 2475 humo
682 2421 814 2475 miserans
831 2420 934 2474 attollit
952 2421 1075 2475 amicum.

355 2516 390 2553 on
407 2498 534 2552 tardatus
552 2515 616 2551 casu
633 2514 722 2565 neque
739 2497 853 2551 territus
871 2495 952 2549 heros

355 2592 376 2628 >r
394 2575 430 2628 ad
447 2592 567 2643 pugnam
584 2574 665 2641 redit,
684 2589 715 2627 ac
732 2573 787 2626 vim
806 2572 920 2626 suscitat
937 2572 985 2626 ira

363 2652 452 2721 pudor
469 2651 590 2704 incendit
607 2650 672 2703 viris
690 2653 719 2704 et
737 2649 844 2703 conscia
861 2648 955 2715 virtus,
1091 2662 1128 2702 4⁶⁵

355 2721 515 2797 cipitemque
534 2727 625 2779 Daren
644 2726 743 2779 ardens
761 2726 820 2794 ogit
837 2742 955 2794 aequore
973 2727 1039 2790 toto,

355 2827 356 2851 ι
374 2803 473 2856 dextra
490 2803 658 2869 ingeminans
676 2803 753 2871 ictus,
771 2819 843 2856 nunc
859 2802 906 2856 ille
923 2803 1045 2867 sinistra;

354 2896 436 2946 mora,
455 2896 505 2932 nec
523 2879 645 2947 requies:
664 2896 745 2947 quam
763 2878 852 2932 multa
869 2878 1003 2946 grandine
1019 2879 1105 2933 nimbi

357 2955 446 3008 inibus
465 2956 609 3024 crepitant,
627 2956 665 3008 sic
684 2955 775 3008 densis
792 2954 892 3007 ictibus
910 2953 990 3007 heros

355 3049 381 3085 er
398 3035 516 3100 utraque
534 3048 616 3084 marm
633 3032 725 3099 pulsat
743 3034 890 3099 versatque
909 3029 1018 3091 Dareta
1091 3040 1128 3082 eoo

363 3112 444 3176 pater
462 3111 570 3160 Aeneas
588 3106 737 3175 procedere
755 3105 861 3173 longius
878 3106 933 3158 iras
985 3122 987 3126 ·

355 3184 436 3238 leviro
455 3184 551 3236 arrimis
571 3183 709 3237 Entellum
726 3181 800 3234 haud
818 3197 914 3249 passus
931 3178 1050 3245 acerbis;

355 3262 433 3313 finem
452 3259 571 3327 inposuit
588 3275 703 3329 pugnae,
721 3258 877 3324 fessumque
896 3255 999 3309 Dareta

355 3338 392 3402 rit,
411 3335 532 3389 mulcens
551 3335 639 3402 dictis,
658 3352 689 3388 ac
706 3333 774 3388 talia
790 3332 878 3387 satur:
907 3378 910 3383 .

357 3430 381 3477 x,
403 3428 473 3479 quac
492 3415 569 3465 tanta
587 3412 708 3465 animum
727 3408 870 3466 dementia
885 3406 977 3479 capiti
1099 3418 1139 3456 Β»

355 3487 410 3538 mis
428 3487 498 3540 alias
517 3506 709 3563 conversaque
728 3491 849 3547 numina
866 3485 977 3545 sentisl

355 3560 406 3613 loo.
445 3562 592 3638 Dixitque
609 3573 643 3627 et
662 3571 778 3645 proelia
795 3587 872 3629 voce
891 3560 1027 3624 diremit·
