3242 4159
650 518 728 567 AEN
730 519 835 569 uiuos
851 520 920 570 LIB.
939 521 989 570 IX.
1200 522 1248 577 247

393 596 539 669 [Vertitur
556 615 633 653 arma
649 603 754 667 tenens,
773 604 802 655 et
820 605 879 655 toto
896 604 999 656 vertice
1017 620 1100 672 supra
1117 605 1181 675 est].

396 675 457 729 Ceu
475 678 582 743 septem
600 691 714 743 surgens
732 677 837 731 sedatis
854 678 978 732 amnibus
996 680 1068 733 altus
1224 699 1249 737 aa

395 750 452 805 Per
470 752 586 805 tacitum
604 751 721 820 Ganges
738 756 787 806 aut
803 754 899 822 pingui
917 755 1027 809 flumine
1046 756 1126 809 Nilus

395 826 469 881 Cum
486 826 579 880 refluit
596 828 698 897 campis
715 832 745 882 et
762 829 816 882 iam
834 847 865 883 se
881 831 1004 886 condidit
1022 832 1106 887 alveo.

395 903 454 957 Hic
472 902 592 956 subitam
610 902 688 971 nigro
705 904 852 971 glomerari
869 906 982 974 pulvere
998 906 1100 961 nubem

359 1021 362 1028 .
395 978 572 1048 Prospiciunt
590 980 696 1048 Teucri,
714 996 745 1034 ae
762 981 892 1035 tenebras
909 983 1051 1051 insurgere
1068 985 1178 1054 eampis.

395 1054 508 1109 Primus
525 1056 561 1110 ab
579 1056 694 1110 adversa
710 1058 861 1111 conclamat
878 1060 950 1112 mole
968 1059 1078 1115 Caicus:
1224 1078 1249 1117 ³5

394 1131 466 1196 Quis
484 1131 588 1200 globus,
607 1149 624 1185 o
642 1133 722 1200 cives,
740 1133 856 1201 caligine
873 1134 992 1187 volvitur
1009 1140 1084 1191 atra!

395 1208 482 1262 Ferte
500 1208 549 1263 citi
566 1209 679 1277 ferrum,
697 1208 762 1263 date
779 1209 842 1275 tela
860 1211 1000 1264 ascendite
1017 1228 1120 1268 muros.

397 1284 498 1339 Hostis
515 1285 601 1352 adest,
619 1285 696 1339 heia!
718 1284 829 1353 Ingenti
846 1285 964 1339 clamore
981 1303 1034 1357 per
1049 1288 1137 1341 omnis

395 1360 529 1415 Condunt
547 1378 577 1416 se
595 1362 692 1415 Teucri
709 1365 811 1431 portas,
830 1364 859 1415 et
876 1362 984 1415 moenia
1000 1363 1136 1431 conplent.

395 1436 526 1505 Namque
543 1437 584 1491 ita
601 1437 745 1491 discedens
761 1439 942 1505 praeceperat
959 1441 1088 1506 optumus
1104 1440 1188 1493 armis
1223 1456 1247 1493 ao

396 1515 522 1567 Aeneas:
541 1513 564 1567 si
581 1530 637 1582 qua
655 1514 761 1567 interea
778 1513 889 1567 fortuna
906 1513 1011 1582 fuisset,

395 1588 462 1643 Neu
480 1593 588 1643 struere
605 1590 741 1643 auderent
758 1589 852 1655 aciem,
871 1606 925 1642 neu
942 1590 1056 1644 credere
1072 1608 1167 1661 eampo
1176 1613 1183 1658 ;

394 1666 496 1720 Oastra
512 1666 593 1720 modo
612 1670 641 1719 et
658 1669 735 1719 tutos
753 1669 896 1719 servarent
913 1682 1015 1732 aggere
1033 1683 1132 1722 muros.

395 1743 480 1810 Ergo,
499 1742 552 1797 etsi
569 1743 694 1796 conferre
711 1757 822 1796 manum
839 1741 928 1809 pudor
945 1741 1041 1809 iraque
1058 1747 1199 1811 monstrat,

394 1818 539 1872 Obiiciunt
556 1821 650 1888 portas
668 1821 768 1871 tamen·
778 1821 808 1870 et
825 1820 972 1885 praecepta
988 1818 1133 1886 facessunt,
1223 1835 1247 1871 45

395 1896 564 1963 Armatique
582 1894 654 1948 caris
672 1896 833 1961 exspectant
849 1892 973 1946 turribus
990 1893 1105 1948 hostem.

394 1971 511 2038 Turnus,
529 1974 561 2024 ut
578 1974 642 2024 ante
659 1970 753 2023 volans
770 1970 881 2022 tardum
898 1972 1084 2036 praecesserat
1099 1973 1208 2038 agmen,¹

395 2046 507 2114 Viginti
524 2044 604 2101 lec'tis
621 2046 746 2114 equitum
763 2044 910 2099 comitatus
928 2047 957 2097 et
974 2043 1037 2097 urbi

395 2123 558 2193 Inprovisus
575 2122 670 2188 adest3
687 2121 800 2174 maculis
818 2122 900 2188 quem
918 2120 1048 2173 Thracius
1065 2119 1135 2174 olbis

394 2197 497 2252 Portat
514 2214 608 2266 equus,
626 2197 766 2264 cristaque
785 2196 856 2263 tegit
872 2195 952 2263 galea
969 2212 1052 2249 aurea
1068 2195 1159 2250 rubra
1223 2213 1248 2251 oe

395 2274 500 2343 Ecquis
515 2274 576 2337 erit,
590 2288 706 2339 mecum,
720 2272 840 2339 iuvenes,
856 2270 903 2340 qui
920 2271 1025 2339 primus
1039 2270 1067 2322 in
1080 2270 1221 2325 hostemm
1237 2274 1247 2328 i

395 2351 447 2417 En,
466 2350 512 2405 ait
549 2349 585 2403 Et
602 2347 721 2402 iaculum
739 2350 900 2416 attorquens
918 2345 1022 2398 emittit
1038 2346 1067 2397 in
1084 2362 1170 2412 auras,

395 2425 565 2495 Principium
581 2440 698 2493 pugnae,
717 2425 746 2477 et
763 2438 859 2491 campo
877 2438 937 2475 sese
954 2420 1057 2473 arduus
1074 2420 1165 2475 infert.

394 2502 524 2556 Clamore
543 2500 682 2570 excipiunt
700 2500 771 2566 socii,
788 2497 956 2564 fremituque
974 2497 1127 2563 sequuntur

397 2578 569 2643 Horrisono;
587 2577 722 2630 Teucrum
739 2575 876 2627 mirantur
892 2571 992 2624 inertia
1009 2570 1105 2625 corda:
1224 2591 1248 2626 ss

395 2655 423 2709 N
425 2671 461 2708 on
479 2669 567 2721 aequo
585 2652 652 2706 dare
669 2667 699 2704 so
716 2666 819 2718 campo,
836 2665 890 2702 non
907 2647 988 2701 obvia
1004 2647 1078 2700 ferre

397 2733 486 2785 Arma
497 2730 578 2797 viros,
591 2728 641 2782 s'ed
652 2730 741 2781 eastra
752 2726 851 2779 fovere.
880 2724 943 2777 Huc
954 2722 1082 2777 turbidus
1095 2726 1180 2793 atque
1194 2724 1247 2778 huc

395 2808 513 2861 Lustrat
530 2822 600 2874 equo
618 2819 718 2871 muros,
736 2801 898 2868 aditumque
915 2816 966 2868 per
983 2798 1043 2852 avia
1060 2801 1179 2867 quaerit.

396 2885 441 2937 Ae
458 2880 545 2935 veluti
561 2880 642 2949 pleno
660 2879 741 2947 lupus
758 2876 904 2929 insidiatus
921 2876 985 2928 ovili

395 2960 467 3013 Cum
485 2956 579 3010 fremit
597 2954 634 3009 ad
651 2954 749 3019 caulas,
767 2955 864 3006 ventos
881 2968 1029 3020 perpessus
1046 2953 1077 3004 et
1095 2949 1198 3016 imbris,
1224 2964 1250 3002 eo

394 3035 421 3088 N
423 3038 486 3088 oete
503 3048 586 3100 super
602 3030 708 3094 media;
726 3029 780 3082 tuti
799 3027 850 3081 sub
867 3027 1003 3080 matribus
1020 3028 1083 3093 agni

396 3110 525 3164 Balatum
543 3109 688 3171 exercent;
704 3106 750 3158 ille
768 3120 849 3172 asper
867 3107 896 3157 et
913 3100 1044 3169 inprobus
1061 3102 1101 3153 ira

394 3185 490 3240 Saevit
507 3185 536 3238 in
554 3182 690 3247 absentis3
708 3181 822 3234 collecta
839 3180 938 3247 fatigat
955 3177 1056 3231 edendi

397 3263 442 3316 Ex
459 3262 541 3329 longo
559 3257 657 3326 rabies,
675 3261 704 3311 et
722 3258 809 3311 siccae
826 3256 957 3323 sanguine
973 3256 1079 3307 fauces:

399 3336 488 3393 Haud
505 3337 585 3390 aliter
604 3334 707 3388 Rutulo
724 3349 818 3387 muros
835 3336 865 3385 et
881 3334 972 3385 castra
988 3328 1079 3383 tuenti
1225 3340 1251 3381 tr

395 3414 549 3483 Igneseunt
566 3411 638 3477 irae;
657 3409 734 3463 duris
752 3408 830 3463 dolor
847 3407 957 3462 ossibus
972 3405 1067 3473 ardet,

392 3491 451 3553 Qua
470 3489 588 3554 temptet
604 3487 716 3542 ratione
732 3485 839 3557 aditus,
859 3491 890 3543 et
908 3503 984 3558 quae
1000 3484 1051 3540 uia.
1068 3481 1184 3536 etausos

375 3560 513 3613 Excedat
532 3562 655 3619 Teucros
674 3565 751 3622 vallo
771 3569 867 3639 atque
885 3565 1027 3624 effimdat
1041 3562 1079 3618 iu
1095 3563 1242 3626 Qum
