<?xml version="1.0" encoding="UTF-8"?>
<!DOCTYPE html PUBLIC "-//W3C//DTD XHTML 1.0 Transitional//EN"
    "http://www.w3.org/TR/xhtml1/DTD/xhtml1-transitional.dtd">
<html xmlns="http://www.w3.org/1999/xhtml" xml:lang="en" lang="en">
 <head>
  <title>
</title>
<meta http-equiv="Content-Type" content="text/html;charset=utf-8" />
  <meta name='ocr-system' content='tesseract 3.04.00' />
  <meta name='ocr-capabilities' content='ocr_page ocr_carea ocr_par ocr_line ocrx_word'/>
</head>
<body>
  <div class='ocr_page' id='page_1' title='image "./publivergilimar00conigoog/publivergilimar00conigoog_0269.png"; bbox 0 0 3242 4159; ppageno 0'>
   <div class='ocr_carea' id='block_1_1' title="bbox 381 520 1239 3567">
    <p class='ocr_par' dir='ltr' id='par_1_1' title="bbox 381 520 1239 3567">
     <span class='ocr_line' id='line_1_1' title="bbox 620 520 1239 572; baseline -0.005 -1"><span class='ocrx_word' id='word_1_1' title='bbox 620 520 808 571; x_wconf 77' lang='lat' dir='ltr'>AENEIDOS</span> <span class='ocrx_word' id='word_1_2' title='bbox 824 521 894 572; x_wconf 87' lang='lat' dir='ltr'><strong>LIB.</strong></span> <span class='ocrx_word' id='word_1_3' title='bbox 912 520 993 572; x_wconf 88' lang='lat' dir='ltr'><strong>VIII.</strong></span> <span class='ocrx_word' id='word_1_4' title='bbox 1191 520 1239 569; x_wconf 77' lang='grc'>243</span> 
     </span>
     <span class='ocr_line' id='line_1_2' title="bbox 382 602 1135 673; baseline -0.001 -13"><span class='ocrx_word' id='word_1_5' title='bbox 382 602 487 673; x_wconf 77' lang='lat' dir='ltr'>Stirpis</span> <span class='ocrx_word' id='word_1_6' title='bbox 504 602 540 658; x_wconf 90' lang='lat' dir='ltr'>ab</span> <span class='ocrx_word' id='word_1_7' title='bbox 558 602 685 670; x_wconf 87' lang='lat' dir='ltr'>Ascanio,</span> <span class='ocrx_word' id='word_1_8' title='bbox 702 605 879 672; x_wconf 75' lang='lat' dir='ltr'>pugnataque</span> <span class='ocrx_word' id='word_1_9' title='bbox 894 604 924 658; x_wconf 92' lang='lat' dir='ltr'>in</span> <span class='ocrx_word' id='word_1_10' title='bbox 942 605 1039 661; x_wconf 89' lang='lat' dir='ltr'>ordine</span> <span class='ocrx_word' id='word_1_11' title='bbox 1054 604 1135 660; x_wconf 81' lang='lat' dir='ltr'>bella</span> 
     </span>
     <span class='ocr_line' id='line_1_3' title="bbox 383 679 1238 736; baseline -0.004 -1"><span class='ocrx_word' id='word_1_12' title='bbox 383 681 505 735; x_wconf 79' lang='lat' dir='ltr'>Fecerat</span> <span class='ocrx_word' id='word_1_13' title='bbox 522 683 551 735; x_wconf 92' lang='lat' dir='ltr'>et</span> <span class='ocrx_word' id='word_1_14' title='bbox 569 679 650 733; x_wconf 85' lang='lat' dir='ltr'>viridi</span> <span class='ocrx_word' id='word_1_15' title='bbox 667 679 752 733; x_wconf 80' lang='lat' dir='ltr'>fetam</span> <span class='ocrx_word' id='word_1_16' title='bbox 770 679 904 734; x_wconf 81' lang='lat' dir='ltr'>Mavortis</span> <span class='ocrx_word' id='word_1_17' title='bbox 921 681 950 734; x_wconf 93' lang='lat' dir='ltr'>in</span> <span class='ocrx_word' id='word_1_18' title='bbox 968 685 1047 736; x_wconf 89' lang='lat' dir='ltr'>antro</span> <span class='ocrx_word' id='word_1_19' title='bbox 1201 693 1238 732; x_wconf 75' lang='lat' dir='ltr'>uro</span> 
     </span>
     <span class='ocr_line' id='line_1_4' title="bbox 383 756 1135 828; baseline -0.001 -17"><span class='ocrx_word' id='word_1_20' title='bbox 383 757 568 811; x_wconf 85' lang='lat' dir='ltr'>Procubuisse</span> <span class='ocrx_word' id='word_1_21' title='bbox 585 756 691 826; x_wconf 89' lang='lat' dir='ltr'>lupam;</span> <span class='ocrx_word' id='word_1_22' title='bbox 709 756 833 824; x_wconf 85' lang='lat' dir='ltr'>geminos</span> <span class='ocrx_word' id='word_1_23' title='bbox 850 756 912 811; x_wconf 92' lang='lat' dir='ltr'>huic</span> <span class='ocrx_word' id='word_1_24' title='bbox 929 757 1016 828; x_wconf 88' lang='lat' dir='ltr'>ubera</span> <span class='ocrx_word' id='word_1_25' title='bbox 1032 759 1135 812; x_wconf 90' lang='lat' dir='ltr'>circum</span> 
     </span>
     <span class='ocr_line' id='line_1_5' title="bbox 384 831 1108 903; baseline -0.001 -15"><span class='ocrx_word' id='word_1_26' title='bbox 384 833 499 888; x_wconf 86' lang='lat' dir='ltr'>Ludere</span> <span class='ocrx_word' id='word_1_27' title='bbox 516 831 663 903; x_wconf 87' lang='lat' dir='ltr'>pendentis</span> <span class='ocrx_word' id='word_1_28' title='bbox 680 848 787 899; x_wconf 88' lang='lat' dir='ltr'>pueros,</span> <span class='ocrx_word' id='word_1_29' title='bbox 807 835 836 886; x_wconf 90' lang='lat' dir='ltr'>et</span> <span class='ocrx_word' id='word_1_30' title='bbox 853 832 974 887; x_wconf 77' lang='lat' dir='ltr'>lambere</span> <span class='ocrx_word' id='word_1_31' title='bbox 991 837 1108 889; x_wconf 87' lang='lat' dir='ltr'>matrem</span> 
     </span>
     <span class='ocr_line' id='line_1_6' title="bbox 385 906 1016 979; baseline -0.002 -15"><span class='ocrx_word' id='word_1_32' title='bbox 385 909 551 979; x_wconf 82' lang='lat' dir='ltr'>Inpavidos;</span> <span class='ocrx_word' id='word_1_33' title='bbox 568 908 643 961; x_wconf 86' lang='lat' dir='ltr'>illam</span> <span class='ocrx_word' id='word_1_34' title='bbox 661 906 745 962; x_wconf 89' lang='lat' dir='ltr'>tereti</span> <span class='ocrx_word' id='word_1_35' title='bbox 762 907 868 961; x_wconf 83' lang='lat' dir='ltr'>cervice</span> <span class='ocrx_word' id='word_1_36' title='bbox 886 908 1016 963; x_wconf 83' lang='lat' dir='ltr'>reflexam</span> 
     </span>
     <span class='ocr_line' id='line_1_7' title="bbox 384 984 1235 1058; baseline 0.001 -19"><span class='ocrx_word' id='word_1_37' title='bbox 384 986 510 1040; x_wconf 90' lang='lat' dir='ltr'>Mulcere</span> <span class='ocrx_word' id='word_1_38' title='bbox 528 986 656 1048; x_wconf 87' lang='lat' dir='ltr'>alternos,</span> <span class='ocrx_word' id='word_1_39' title='bbox 675 988 703 1037; x_wconf 88' lang='lat' dir='ltr'>et</span> <span class='ocrx_word' id='word_1_40' title='bbox 721 1000 835 1052; x_wconf 87' lang='lat' dir='ltr'>corpora</span> <span class='ocrx_word' id='word_1_41' title='bbox 852 984 957 1053; x_wconf 83' lang='lat' dir='ltr'>fingere</span> <span class='ocrx_word' id='word_1_42' title='bbox 974 986 1074 1054; x_wconf 83' lang='lat' dir='ltr'>lingua</span> <span class='ocrx_word' id='word_1_43' title='bbox 1232 1051 1235 1058; x_wconf 22' lang='lat'>²</span> 
     </span>
     <span class='ocr_line' id='line_1_8' title="bbox 383 1060 1237 1130; baseline 0.001 -15"><span class='ocrx_word' id='word_1_44' title='bbox 383 1062 412 1115; x_wconf 89' lang='lat' dir='ltr'>N</span> <span class='ocrx_word' id='word_1_45' title='bbox 414 1078 446 1115; x_wconf 88' lang='lat' dir='ltr'>cc</span> <span class='ocrx_word' id='word_1_46' title='bbox 457 1061 551 1130; x_wconf 88' lang='lat' dir='ltr'>procul</span> <span class='ocrx_word' id='word_1_47' title='bbox 563 1062 625 1115; x_wconf 90' lang='lat' dir='ltr'>hinc</span> <span class='ocrx_word' id='word_1_48' title='bbox 638 1060 754 1113; x_wconf 80' lang='lat' dir='ltr'><strong>Romam</strong></span> <span class='ocrx_word' id='word_1_49' title='bbox 763 1062 792 1113; x_wconf 88' lang='lat' dir='ltr'>et</span> <span class='ocrx_word' id='word_1_50' title='bbox 803 1064 898 1129; x_wconf 88' lang='lat' dir='ltr'>raptas</span> <span class='ocrx_word' id='word_1_51' title='bbox 905 1062 964 1116; x_wconf 84' lang='lat' dir='ltr'>aine</span> <span class='ocrx_word' id='word_1_52' title='bbox 975 1079 1051 1117; x_wconf 90' lang='lat' dir='ltr'>more</span> <span class='ocrx_word' id='word_1_53' title='bbox 1063 1062 1179 1117; x_wconf 84' lang='lat' dir='ltr'>Sabinas</span> <span class='ocrx_word' id='word_1_54' title='bbox 1200 1078 1237 1116; x_wconf 78' lang='lat' dir='ltr'>aas</span> 
     </span>
     <span class='ocr_line' id='line_1_9' title="bbox 385 1136 1056 1207; baseline 0.003 -16"><span class='ocrx_word' id='word_1_55' title='bbox 385 1138 522 1192; x_wconf 83' lang='lat' dir='ltr'>Conseasu</span> <span class='ocrx_word' id='word_1_56' title='bbox 539 1154 645 1205; x_wconf 86' lang='lat' dir='ltr'>caveae,</span> <span class='ocrx_word' id='word_1_57' title='bbox 663 1137 769 1205; x_wconf 84' lang='lat' dir='ltr'>magnis</span> <span class='ocrx_word' id='word_1_58' title='bbox 787 1136 963 1192; x_wconf 79' lang='lat' dir='ltr'>Circensibus</span> <span class='ocrx_word' id='word_1_59' title='bbox 979 1140 1056 1207; x_wconf 87' lang='lat' dir='ltr'>actis,</span> 
     </span>
     <span class='ocr_line' id='line_1_10' title="bbox 385 1212 1139 1282; baseline 0.001 -15"><span class='ocrx_word' id='word_1_60' title='bbox 385 1213 554 1278; x_wconf 75' lang='lat' dir='ltr'>Addiderat,</span> <span class='ocrx_word' id='word_1_61' title='bbox 573 1212 720 1281; x_wconf 88' lang='lat' dir='ltr'>subitoque</span> <span class='ocrx_word' id='word_1_62' title='bbox 737 1229 838 1266; x_wconf 80' lang='lat' dir='ltr'>nouum</span> <span class='ocrx_word' id='word_1_63' title='bbox 855 1229 1019 1282; x_wconf 79' lang='lat' dir='ltr'>consurgere</span> <span class='ocrx_word' id='word_1_64' title='bbox 1035 1215 1139 1269; x_wconf 90' lang='lat' dir='ltr'>bellum</span> 
     </span>
     <span class='ocr_line' id='line_1_11' title="bbox 385 1288 1089 1358; baseline 0.004 -15"><span class='ocrx_word' id='word_1_65' title='bbox 385 1289 542 1343; x_wconf 81' lang='lat' dir='ltr'>Romulidis</span> <span class='ocrx_word' id='word_1_66' title='bbox 560 1289 693 1358; x_wconf 79' lang='lat' dir='ltr'>Tatioque</span> <span class='ocrx_word' id='word_1_67' title='bbox 711 1288 769 1342; x_wconf 89' lang='lat' dir='ltr'>seni</span> <span class='ocrx_word' id='word_1_68' title='bbox 789 1288 962 1358; x_wconf 77' lang='lat' dir='ltr'>Curibusque</span> <span class='ocrx_word' id='word_1_69' title='bbox 979 1293 1089 1346; x_wconf 84' lang='lat' dir='ltr'>severis.</span> 
     </span>
     <span class='ocr_line' id='line_1_12' title="bbox 385 1364 1056 1435; baseline 0.001 -15"><span class='ocrx_word' id='word_1_70' title='bbox 385 1365 455 1420; x_wconf 85' lang='lat' dir='ltr'>Post</span> <span class='ocrx_word' id='word_1_71' title='bbox 471 1365 546 1420; x_wconf 90' lang='lat' dir='ltr'>idem</span> <span class='ocrx_word' id='word_1_72' title='bbox 564 1366 637 1419; x_wconf 90' lang='lat' dir='ltr'>inter</span> <span class='ocrx_word' id='word_1_73' title='bbox 654 1381 684 1419; x_wconf 89' lang='lat' dir='ltr'>se</span> <span class='ocrx_word' id='word_1_74' title='bbox 701 1364 792 1434; x_wconf 87' lang='lat' dir='ltr'>posito</span> <span class='ocrx_word' id='word_1_75' title='bbox 810 1366 959 1419; x_wconf 86' lang='lat' dir='ltr'>certamine</span> <span class='ocrx_word' id='word_1_76' title='bbox 976 1383 1056 1435; x_wconf 84' lang='lat' dir='ltr'>reges</span> 
     </span>
     <span class='ocr_line' id='line_1_13' title="bbox 385 1440 1236 1509; baseline 0 -14"><span class='ocrx_word' id='word_1_77' title='bbox 385 1442 497 1496; x_wconf 86' lang='lat' dir='ltr'>Armati</span> <span class='ocrx_word' id='word_1_78' title='bbox 516 1440 590 1495; x_wconf 79' lang='lat' dir='ltr'>Iovia</span> <span class='ocrx_word' id='word_1_79' title='bbox 606 1444 673 1494; x_wconf 90' lang='lat' dir='ltr'>ante</span> <span class='ocrx_word' id='word_1_80' title='bbox 688 1446 763 1494; x_wconf 86' lang='lat' dir='ltr'>aram</span> <span class='ocrx_word' id='word_1_81' title='bbox 781 1443 946 1509; x_wconf 86' lang='lat' dir='ltr'>paterasque</span> <span class='ocrx_word' id='word_1_82' title='bbox 963 1445 1090 1497; x_wconf 87' lang='lat' dir='ltr'>tenentes</span> <span class='ocrx_word' id='word_1_83' title='bbox 1140 1497 1143 1503; x_wconf 81' lang='grc'><strong>,</strong></span> <span class='ocrx_word' id='word_1_84' title='bbox 1198 1456 1236 1495; x_wconf 75' lang='lat' dir='ltr'>oso</span> 
     </span>
     <span class='ocr_line' id='line_1_14' title="bbox 385 1516 1055 1587; baseline 0.004 -16"><span class='ocrx_word' id='word_1_85' title='bbox 385 1517 505 1571; x_wconf 83' lang='lat' dir='ltr'>Stabant</span> <span class='ocrx_word' id='word_1_86' title='bbox 522 1522 553 1572; x_wconf 93' lang='lat' dir='ltr'>et</span> <span class='ocrx_word' id='word_1_87' title='bbox 567 1534 649 1571; x_wconf 85' lang='lat' dir='ltr'>caesa</span> <span class='ocrx_word' id='word_1_88' title='bbox 666 1516 818 1583; x_wconf 84' lang='lat' dir='ltr'>iungebant</span> <span class='ocrx_word' id='word_1_89' title='bbox 834 1516 948 1571; x_wconf 82' lang='lat' dir='ltr'>foedera</span> <span class='ocrx_word' id='word_1_90' title='bbox 963 1534 1055 1587; x_wconf 90' lang='lat' dir='ltr'>porca.</span> 
     </span>
     <span class='ocr_line' id='line_1_15' title="bbox 385 1592 1234 1664; baseline 0.001 -18"><span class='ocrx_word' id='word_1_91' title='bbox 385 1592 667 1662; x_wconf 87' lang='lat' dir='ltr'>Haudproculinde</span> <span class='ocrx_word' id='word_1_92' title='bbox 685 1593 756 1646; x_wconf 88' lang='lat' dir='ltr'>citae</span> <span class='ocrx_word' id='word_1_93' title='bbox 774 1592 896 1645; x_wconf 88' lang='lat' dir='ltr'>Mettum</span> <span class='ocrx_word' id='word_1_94' title='bbox 913 1592 942 1647; x_wconf 91' lang='lat' dir='ltr'>in</span> <span class='ocrx_word' id='word_1_95' title='bbox 960 1594 1068 1649; x_wconf 82' lang='lat' dir='ltr'>diversa</span> <span class='ocrx_word' id='word_1_96' title='bbox 1085 1593 1234 1664; x_wconf 86' lang='lat' dir='ltr'>quadrigae</span> 
     </span>
     <span class='ocr_line' id='line_1_16' title="bbox 385 1667 1107 1737; baseline 0.006 -15"><span class='ocrx_word' id='word_1_97' title='bbox 385 1668 622 1723; x_wconf 83' lang='lat' dir='ltr'>Distulerant-at</span> <span class='ocrx_word' id='word_1_98' title='bbox 640 1671 671 1723; x_wconf 89' lang='lat' dir='ltr'>tu</span> <span class='ocrx_word' id='word_1_99' title='bbox 689 1668 778 1735; x_wconf 83' lang='lat' dir='ltr'>dictis,</span> <span class='ocrx_word' id='word_1_100' title='bbox 798 1667 915 1737; x_wconf 88' lang='lat' dir='ltr'>Albane,</span> <span class='ocrx_word' id='word_1_101' title='bbox 927 1687 1057 1726; x_wconf 87' lang='lat' dir='ltr'>maneres</span> <span class='ocrx_word' id='word_1_102' title='bbox 1065 1675 1107 1726; x_wconf 84' lang='lat' dir='ltr'>l-</span> 
     </span>
     <span class='ocr_line' id='line_1_17' title="bbox 384 1744 1039 1813; baseline 0.003 -15"><span class='ocrx_word' id='word_1_103' title='bbox 384 1745 582 1813; x_wconf 87' lang='lat' dir='ltr'>Raptabatque</span> <span class='ocrx_word' id='word_1_104' title='bbox 600 1744 651 1797; x_wconf 83' lang='lat' dir='ltr'>viri</span> <span class='ocrx_word' id='word_1_105' title='bbox 667 1744 806 1797; x_wconf 83' lang='lat' dir='ltr'>mendacis</span> <span class='ocrx_word' id='word_1_106' title='bbox 824 1744 929 1797; x_wconf 88' lang='lat' dir='ltr'>viscera</span> <span class='ocrx_word' id='word_1_107' title='bbox 945 1746 1039 1800; x_wconf 84' lang='lat' dir='ltr'>Tullus</span> 
     </span>
     <span class='ocr_line' id='line_1_18' title="bbox 384 1818 1233 1890; baseline 0.002 -17"><span class='ocrx_word' id='word_1_108' title='bbox 384 1820 441 1874; x_wconf 91' lang='lat' dir='ltr'>Per</span> <span class='ocrx_word' id='word_1_109' title='bbox 459 1820 561 1887; x_wconf 89' lang='lat' dir='ltr'>silvam,</span> <span class='ocrx_word' id='word_1_110' title='bbox 580 1824 609 1875; x_wconf 88' lang='lat' dir='ltr'>et</span> <span class='ocrx_word' id='word_1_111' title='bbox 626 1820 713 1889; x_wconf 86' lang='lat' dir='ltr'>sparsi</span> <span class='ocrx_word' id='word_1_112' title='bbox 730 1818 861 1872; x_wconf 89' lang='lat' dir='ltr'>rorabant</span> <span class='ocrx_word' id='word_1_113' title='bbox 878 1822 1009 1888; x_wconf 85' lang='lat' dir='ltr'>sauguine</span> <span class='ocrx_word' id='word_1_114' title='bbox 1025 1837 1129 1890; x_wconf 83' lang='lat' dir='ltr'>vepres.</span> <span class='ocrx_word' id='word_1_115' title='bbox 1196 1836 1233 1875; x_wconf 74' lang='lat' dir='ltr'>osu</span> 
     </span>
     <span class='ocr_line' id='line_1_19' title="bbox 384 1894 1138 1965; baseline 0 -14"><span class='ocrx_word' id='word_1_116' title='bbox 384 1897 412 1951; x_wconf 89' lang='lat' dir='ltr'>N</span> <span class='ocrx_word' id='word_1_117' title='bbox 414 1913 445 1951; x_wconf 93' lang='lat' dir='ltr'>ec</span> <span class='ocrx_word' id='word_1_118' title='bbox 462 1894 517 1949; x_wconf 89' lang='lat' dir='ltr'>non</span> <span class='ocrx_word' id='word_1_119' title='bbox 535 1896 712 1965; x_wconf 78' lang='lat' dir='ltr'>Tarquinium</span> <span class='ocrx_word' id='word_1_120' title='bbox 729 1895 849 1949; x_wconf 90' lang='lat' dir='ltr'>eiectum</span> <span class='ocrx_word' id='word_1_121' title='bbox 868 1894 1007 1950; x_wconf 86' lang='lat' dir='ltr'>Porsenna</span> <span class='ocrx_word' id='word_1_122' title='bbox 1024 1896 1138 1951; x_wconf 88' lang='lat' dir='ltr'>iubebat</span> 
     </span>
     <span class='ocr_line' id='line_1_20' title="bbox 384 1967 1156 2042; baseline 0.003 -16"><span class='ocrx_word' id='word_1_123' title='bbox 384 1972 529 2041; x_wconf 84' lang='lat' dir='ltr'>Accipere,</span> <span class='ocrx_word' id='word_1_124' title='bbox 545 1972 706 2040; x_wconf 81' lang='lat' dir='ltr'>ingentique</span> <span class='ocrx_word' id='word_1_125' title='bbox 723 1971 821 2026; x_wconf 87' lang='lat' dir='ltr'>urbem</span> <span class='ocrx_word' id='word_1_126' title='bbox 838 1967 979 2027; x_wconf 88' lang='lat' dir='ltr'>obsidione</span> <span class='ocrx_word' id='word_1_127' title='bbox 996 1973 1156 2042; x_wconf 81' lang='lat' dir='ltr'>premebat3</span> 
     </span>
     <span class='ocr_line' id='line_1_21' title="bbox 385 2047 1061 2116; baseline 0.001 -14"><span class='ocrx_word' id='word_1_128' title='bbox 385 2047 535 2103; x_wconf 84' lang='lat' dir='ltr'>Aeneadae</span> <span class='ocrx_word' id='word_1_129' title='bbox 552 2047 581 2101; x_wconf 91' lang='lat' dir='ltr'>in</span> <span class='ocrx_word' id='word_1_130' title='bbox 598 2048 703 2101; x_wconf 81' lang='lat' dir='ltr'>ferrum</span> <span class='ocrx_word' id='word_1_131' title='bbox 720 2063 771 2116; x_wconf 80' lang='lat' dir='ltr'>pro</span> <span class='ocrx_word' id='word_1_132' title='bbox 788 2047 918 2103; x_wconf 86' lang='lat' dir='ltr'>libertate</span> <span class='ocrx_word' id='word_1_133' title='bbox 936 2048 1061 2104; x_wconf 86' lang='lat' dir='ltr'>ruebant</span> 
     </span>
     <span class='ocr_line' id='line_1_22' title="bbox 384 2123 1103 2193; baseline 0.001 -15"><span class='ocrx_word' id='word_1_134' title='bbox 384 2123 469 2178; x_wconf 90' lang='lat' dir='ltr'>Illum</span> <span class='ocrx_word' id='word_1_135' title='bbox 487 2123 640 2191; x_wconf 80' lang='lat' dir='ltr'>indignanti</span> <span class='ocrx_word' id='word_1_136' title='bbox 657 2123 781 2192; x_wconf 90' lang='lat' dir='ltr'>similem,</span> <span class='ocrx_word' id='word_1_137' title='bbox 799 2124 971 2193; x_wconf 86' lang='lat' dir='ltr'>similemque</span> <span class='ocrx_word' id='word_1_138' title='bbox 988 2126 1103 2181; x_wconf 90' lang='lat' dir='ltr'>minanti</span> 
     </span>
     <span class='ocr_line' id='line_1_23' title="bbox 384 2199 1234 2271; baseline 0.001 -17"><span class='ocrx_word' id='word_1_139' title='bbox 384 2199 540 2268; x_wconf 88' lang='lat' dir='ltr'>Aspiceres,</span> <span class='ocrx_word' id='word_1_140' title='bbox 556 2202 668 2269; x_wconf 90' lang='lat' dir='ltr'>pontem</span> <span class='ocrx_word' id='word_1_141' title='bbox 686 2200 801 2253; x_wconf 88' lang='lat' dir='ltr'>auderet</span> <span class='ocrx_word' id='word_1_142' title='bbox 819 2201 884 2269; x_wconf 91' lang='lat' dir='ltr'>quia</span> <span class='ocrx_word' id='word_1_143' title='bbox 900 2201 1001 2255; x_wconf 82' lang='lat' dir='ltr'>vellere</span> <span class='ocrx_word' id='word_1_144' title='bbox 1018 2202 1120 2271; x_wconf 78' lang='lat' dir='ltr'>Cocles,</span> <span class='ocrx_word' id='word_1_145' title='bbox 1196 2217 1234 2255; x_wconf 82' lang='lat' dir='ltr'>neo</span> 
     </span>
     <span class='ocr_line' id='line_1_24' title="bbox 384 2274 1027 2346; baseline 0 -15"><span class='ocrx_word' id='word_1_146' title='bbox 384 2276 423 2331; x_wconf 79' lang='lat' dir='ltr'>nt</span> <span class='ocrx_word' id='word_1_147' title='bbox 440 2275 552 2329; x_wconf 84' lang='lat' dir='ltr'>fluvium</span> <span class='ocrx_word' id='word_1_148' title='bbox 570 2275 664 2330; x_wconf 85' lang='lat' dir='ltr'>vinclis</span> <span class='ocrx_word' id='word_1_149' title='bbox 681 2274 792 2329; x_wconf 84' lang='lat' dir='ltr'>innaret</span> <span class='ocrx_word' id='word_1_150' title='bbox 810 2276 912 2330; x_wconf 83' lang='lat' dir='ltr'>Cloelia</span> <span class='ocrx_word' id='word_1_151' title='bbox 930 2277 1027 2346; x_wconf 76' lang='lat' dir='ltr'>ruptis.</span> 
     </span>
     <span class='ocr_line' id='line_1_25' title="bbox 385 2352 1027 2421; baseline -0.002 -15"><span class='ocrx_word' id='word_1_152' title='bbox 385 2352 421 2407; x_wconf 90' lang='lat' dir='ltr'>In</span> <span class='ocrx_word' id='word_1_153' title='bbox 439 2368 545 2406; x_wconf 88' lang='lat' dir='ltr'>summo</span> <span class='ocrx_word' id='word_1_154' title='bbox 562 2357 655 2406; x_wconf 86' lang='lat' dir='ltr'>custos</span> <span class='ocrx_word' id='word_1_155' title='bbox 672 2352 803 2421; x_wconf 71' lang='lat' dir='ltr'>Tarpeium</span> <span class='ocrx_word' id='word_1_156' title='bbox 822 2352 940 2406; x_wconf 87' lang='lat' dir='ltr'>Manlius</span> <span class='ocrx_word' id='word_1_157' title='bbox 958 2354 1027 2406; x_wconf 90' lang='lat' dir='ltr'>arcis</span> 
     </span>
     <span class='ocr_line' id='line_1_26' title="bbox 384 2427 1100 2498; baseline 0 -16"><span class='ocrx_word' id='word_1_158' title='bbox 384 2428 485 2483; x_wconf 83' lang='lat' dir='ltr'>Stabat</span> <span class='ocrx_word' id='word_1_159' title='bbox 501 2444 552 2497; x_wconf 89' lang='lat' dir='ltr'>pro</span> <span class='ocrx_word' id='word_1_160' title='bbox 569 2428 673 2497; x_wconf 88' lang='lat' dir='ltr'>templo</span> <span class='ocrx_word' id='word_1_161' title='bbox 690 2432 720 2481; x_wconf 92' lang='lat' dir='ltr'>et</span> <span class='ocrx_word' id='word_1_162' title='bbox 738 2428 873 2498; x_wconf 76' lang='lat' dir='ltr'>Capitolia</span> <span class='ocrx_word' id='word_1_163' title='bbox 890 2428 963 2482; x_wconf 90' lang='lat' dir='ltr'>celsa</span> <span class='ocrx_word' id='word_1_164' title='bbox 979 2427 1100 2496; x_wconf 88' lang='lat' dir='ltr'>tenebat,</span> 
     </span>
     <span class='ocr_line' id='line_1_27' title="bbox 384 2503 1041 2573; baseline 0 -15"><span class='ocrx_word' id='word_1_165' title='bbox 384 2504 574 2573; x_wconf 90' lang='lat' dir='ltr'>Romuleoque</span> <span class='ocrx_word' id='word_1_166' title='bbox 591 2520 687 2557; x_wconf 86' lang='lat' dir='ltr'>recens</span> <span class='ocrx_word' id='word_1_167' title='bbox 704 2504 834 2558; x_wconf 91' lang='lat' dir='ltr'>horrebat</span> <span class='ocrx_word' id='word_1_168' title='bbox 850 2504 927 2572; x_wconf 81' lang='lat' dir='ltr'>regia</span> <span class='ocrx_word' id='word_1_169' title='bbox 943 2503 1041 2558; x_wconf 91' lang='lat' dir='ltr'>culmo.</span> 
     </span>
     <span class='ocr_line' id='line_1_28' title="bbox 384 2578 1234 2649; baseline 0.002 -16"><span class='ocrx_word' id='word_1_170' title='bbox 384 2580 481 2647; x_wconf 86' lang='lat' dir='ltr'>Atque</span> <span class='ocrx_word' id='word_1_171' title='bbox 498 2578 543 2633; x_wconf 91' lang='lat' dir='ltr'>hic</span> <span class='ocrx_word' id='word_1_172' title='bbox 559 2580 661 2633; x_wconf 77' lang='lat' dir='ltr'>auratis</span> <span class='ocrx_word' id='word_1_173' title='bbox 679 2579 795 2633; x_wconf 83' lang='lat' dir='ltr'>volitans</span> <span class='ocrx_word' id='word_1_174' title='bbox 812 2583 959 2649; x_wconf 85' lang='lat' dir='ltr'>argenteus</span> <span class='ocrx_word' id='word_1_175' title='bbox 976 2595 1056 2633; x_wconf 86' lang='lat' dir='ltr'>anser</span> <span class='ocrx_word' id='word_1_176' title='bbox 1196 2596 1234 2635; x_wconf 84' lang='lat' dir='ltr'>oss</span> 
     </span>
     <span class='ocr_line' id='line_1_29' title="bbox 384 2654 1070 2710; baseline 0.001 -1"><span class='ocrx_word' id='word_1_177' title='bbox 384 2654 542 2709; x_wconf 84' lang='lat' dir='ltr'>Porticibus</span> <span class='ocrx_word' id='word_1_178' title='bbox 560 2655 652 2710; x_wconf 85' lang='lat' dir='ltr'>Gallos</span> <span class='ocrx_word' id='word_1_179' title='bbox 669 2655 697 2709; x_wconf 91' lang='lat' dir='ltr'>in</span> <span class='ocrx_word' id='word_1_180' title='bbox 716 2655 810 2710; x_wconf 90' lang='lat' dir='ltr'>limine</span> <span class='ocrx_word' id='word_1_181' title='bbox 826 2657 923 2710; x_wconf 87' lang='lat' dir='ltr'>adesse</span> <span class='ocrx_word' id='word_1_182' title='bbox 940 2655 1070 2710; x_wconf 87' lang='lat' dir='ltr'>canebat·</span> 
     </span>
     <span class='ocr_line' id='line_1_30' title="bbox 385 2697 1101 2801; baseline 0.003 -16"><span class='ocrx_word' id='word_1_183' title='bbox 385 2731 457 2786; x_wconf 90' lang='lat' dir='ltr'>Galli</span> <span class='ocrx_word' id='word_1_184' title='bbox 474 2747 526 2800; x_wconf 86' lang='lat' dir='ltr'>per</span> <span class='ocrx_word' id='word_1_185' title='bbox 543 2730 641 2784; x_wconf 86' lang='lat' dir='ltr'>dumos</span> <span class='ocrx_word' id='word_1_186' title='bbox 657 2732 780 2800; x_wconf 88' lang='lat' dir='ltr'>aderant,</span> <span class='ocrx_word' id='word_1_187' title='bbox 798 2749 944 2801; x_wconf 88' lang='lat' dir='ltr'>arcemque</span> <span class='ocrx_word' id='word_1_188' title='bbox 961 2697 1101 2799; x_wconf 64' lang='lat' dir='ltr'>tenebadt,</span> 
     </span>
     <span class='ocr_line' id='line_1_31' title="bbox 384 2806 1024 2879; baseline 0.003 -18"><span class='ocrx_word' id='word_1_189' title='bbox 384 2807 499 2861; x_wconf 83' lang='lat' dir='ltr'>Defensi</span> <span class='ocrx_word' id='word_1_190' title='bbox 517 2806 639 2861; x_wconf 85' lang='lat' dir='ltr'>tenebris</span> <span class='ocrx_word' id='word_1_191' title='bbox 657 2811 686 2862; x_wconf 89' lang='lat' dir='ltr'>et</span> <span class='ocrx_word' id='word_1_192' title='bbox 705 2807 776 2862; x_wconf 92' lang='lat' dir='ltr'>dono</span> <span class='ocrx_word' id='word_1_193' title='bbox 792 2809 881 2863; x_wconf 85' lang='lat' dir='ltr'>noctis</span> <span class='ocrx_word' id='word_1_194' title='bbox 900 2816 1024 2879; x_wconf 68' lang='lat' dir='ltr'>opacae3¹</span> 
     </span>
     <span class='ocr_line' id='line_1_32' title="bbox 385 2883 1039 2952; baseline 0.006 -17"><span class='ocrx_word' id='word_1_195' title='bbox 385 2883 481 2936; x_wconf 86' lang='lat' dir='ltr'>Aurea</span> <span class='ocrx_word' id='word_1_196' title='bbox 498 2884 633 2936; x_wconf 88' lang='lat' dir='ltr'>caesaries</span> <span class='ocrx_word' id='word_1_197' title='bbox 650 2884 718 2951; x_wconf 87' lang='lat' dir='ltr'>ollis,</span> <span class='ocrx_word' id='word_1_198' title='bbox 736 2887 821 2952; x_wconf 87' lang='lat' dir='ltr'>atque</span> <span class='ocrx_word' id='word_1_199' title='bbox 838 2901 923 2939; x_wconf 89' lang='lat' dir='ltr'>aurea</span> <span class='ocrx_word' id='word_1_200' title='bbox 939 2886 1039 2952; x_wconf 82' lang='lat' dir='ltr'>vestis3</span> 
     </span>
     <span class='ocr_line' id='line_1_33' title="bbox 385 2959 1235 3027; baseline 0.005 -16"><span class='ocrx_word' id='word_1_201' title='bbox 385 2959 509 3026; x_wconf 82' lang='lat' dir='ltr'>Virgatis</span> <span class='ocrx_word' id='word_1_202' title='bbox 527 2959 619 3013; x_wconf 90' lang='lat' dir='ltr'>lucent</span> <span class='ocrx_word' id='word_1_203' title='bbox 637 2960 752 3027; x_wconf 79' lang='lat' dir='ltr'>sagulis3</span> <span class='ocrx_word' id='word_1_204' title='bbox 771 2963 831 3014; x_wconf 90' lang='lat' dir='ltr'>turn</span> <span class='ocrx_word' id='word_1_205' title='bbox 849 2961 937 3015; x_wconf 83' lang='lat' dir='ltr'>lactea</span> <span class='ocrx_word' id='word_1_206' title='bbox 954 2962 1023 3015; x_wconf 90' lang='lat' dir='ltr'>oolla</span> <span class='ocrx_word' id='word_1_207' title='bbox 1198 2976 1235 3014; x_wconf 87' lang='lat' dir='ltr'>uuo</span> 
     </span>
     <span class='ocr_line' id='line_1_34' title="bbox 386 3034 1158 3105; baseline 0.003 -18"><span class='ocrx_word' id='word_1_208' title='bbox 386 3036 464 3088; x_wconf 90' lang='lat' dir='ltr'>Auro</span> <span class='ocrx_word' id='word_1_209' title='bbox 481 3034 672 3100; x_wconf 86' lang='lat' dir='ltr'>innectuntur;</span> <span class='ocrx_word' id='word_1_210' title='bbox 691 3036 745 3089; x_wconf 91' lang='lat' dir='ltr'>dno</span> <span class='ocrx_word' id='word_1_211' title='bbox 763 3036 880 3105; x_wconf 90' lang='lat' dir='ltr'>quisque</span> <span class='ocrx_word' id='word_1_212' title='bbox 898 3037 999 3105; x_wconf 85' lang='lat' dir='ltr'>Alpina</span> <span class='ocrx_word' id='word_1_213' title='bbox 1016 3039 1158 3090; x_wconf 85' lang='lat' dir='ltr'>coruscant</span> 
     </span>
     <span class='ocr_line' id='line_1_35' title="bbox 385 3111 1157 3180; baseline -0.001 -16"><span class='ocrx_word' id='word_1_214' title='bbox 385 3112 476 3164; x_wconf 87' lang='lat' dir='ltr'>Gaesa</span> <span class='ocrx_word' id='word_1_215' title='bbox 494 3127 584 3177; x_wconf 90' lang='lat' dir='ltr'>manu,</span> <span class='ocrx_word' id='word_1_216' title='bbox 603 3112 687 3165; x_wconf 87' lang='lat' dir='ltr'>scutis</span> <span class='ocrx_word' id='word_1_217' title='bbox 705 3111 822 3180; x_wconf 89' lang='lat' dir='ltr'>protecti</span> <span class='ocrx_word' id='word_1_218' title='bbox 840 3128 952 3180; x_wconf 87' lang='lat' dir='ltr'>corpora</span> <span class='ocrx_word' id='word_1_219' title='bbox 969 3111 1066 3179; x_wconf 81' lang='lat' dir='ltr'>longia.</span> <span class='ocrx_word' id='word_1_220' title='bbox 1154 3123 1157 3128; x_wconf 83' lang='lat'>·</span> 
     </span>
     <span class='ocr_line' id='line_1_36' title="bbox 385 3186 1062 3255; baseline 0 -15"><span class='ocrx_word' id='word_1_221' title='bbox 385 3187 441 3240; x_wconf 90' lang='lat' dir='ltr'>Hic</span> <span class='ocrx_word' id='word_1_222' title='bbox 458 3186 622 3241; x_wconf 85' lang='lat' dir='ltr'>exsultantis</span> <span class='ocrx_word' id='word_1_223' title='bbox 641 3188 735 3254; x_wconf 80' lang='lat' dir='ltr'>Salios,</span> <span class='ocrx_word' id='word_1_224' title='bbox 753 3188 897 3255; x_wconf 90' lang='lat' dir='ltr'>nudosque</span> <span class='ocrx_word' id='word_1_225' title='bbox 916 3187 1062 3255; x_wconf 87' lang='lat' dir='ltr'>Lupercos,</span> 
     </span>
     <span class='ocr_line' id='line_1_37' title="bbox 384 3263 1051 3333; baseline -0.001 -17"><span class='ocrx_word' id='word_1_226' title='bbox 384 3263 589 3331; x_wconf 83' lang='lat' dir='ltr'>Lanigerosque</span> <span class='ocrx_word' id='word_1_227' title='bbox 606 3264 704 3332; x_wconf 85' lang='lat' dir='ltr'>apices,</span> <span class='ocrx_word' id='word_1_228' title='bbox 723 3267 753 3318; x_wconf 88' lang='lat' dir='ltr'>ot</span> <span class='ocrx_word' id='word_1_229' title='bbox 769 3264 847 3333; x_wconf 88' lang='lat' dir='ltr'>lapsa</span> <span class='ocrx_word' id='word_1_230' title='bbox 863 3263 960 3317; x_wconf 91' lang='lat' dir='ltr'>ancilia</span> <span class='ocrx_word' id='word_1_231' title='bbox 977 3263 1051 3316; x_wconf 90' lang='lat' dir='ltr'>caelo</span> 
     </span>
     <span class='ocr_line' id='line_1_38' title="bbox 384 3338 1236 3408; baseline 0.004 -16"><span class='ocrx_word' id='word_1_232' title='bbox 384 3338 556 3403; x_wconf 82' lang='lat' dir='ltr'>Extnderat3</span> <span class='ocrx_word' id='word_1_233' title='bbox 579 3343 672 3393; x_wconf 84' lang='lat' dir='ltr'>castae</span> <span class='ocrx_word' id='word_1_234' title='bbox 690 3339 828 3393; x_wconf 88' lang='lat' dir='ltr'>ducebant</span> <span class='ocrx_word' id='word_1_235' title='bbox 845 3355 921 3393; x_wconf 87' lang='lat' dir='ltr'>sacra</span> <span class='ocrx_word' id='word_1_236' title='bbox 937 3355 988 3408; x_wconf 89' lang='lat' dir='ltr'>per</span> <span class='ocrx_word' id='word_1_237' title='bbox 1005 3338 1101 3392; x_wconf 89' lang='lat' dir='ltr'>urbem</span> <span class='ocrx_word' id='word_1_238' title='bbox 1198 3354 1236 3395; x_wconf 81' lang='lat' dir='ltr'>ons</span> 
     </span>
     <span class='ocr_line' id='line_1_39' title="bbox 385 3413 1152 3485; baseline -0.001 -19"><span class='ocrx_word' id='word_1_239' title='bbox 385 3413 502 3467; x_wconf 88' lang='lat' dir='ltr'>Pilentis</span> <span class='ocrx_word' id='word_1_240' title='bbox 519 3416 667 3476; x_wconf 87' lang='lat' dir='ltr'>matresin</span> <span class='ocrx_word' id='word_1_241' title='bbox 685 3415 825 3472; x_wconf 87' lang='lat' dir='ltr'>mollibus.</span> <span class='ocrx_word' id='word_1_242' title='bbox 860 3416 937 3471; x_wconf 85' lang='lat' dir='ltr'>llino</span> <span class='ocrx_word' id='word_1_243' title='bbox 949 3415 1052 3485; x_wconf 68' lang='lat' dir='ltr'>proed</span> <span class='ocrx_word' id='word_1_244' title='bbox 1065 3414 1152 3467; x_wconf 64' lang='lat' dir='ltr'>undu</span> 
     </span>
     <span class='ocr_line' id='line_1_40' title="bbox 381 3490 1021 3567; baseline 0.011 -27"><span class='ocrx_word' id='word_1_245' title='bbox 381 3490 525 3543; x_wconf 80' lang='lat' dir='ltr'>Tartareas</span> <span class='ocrx_word' id='word_1_246' title='bbox 543 3492 628 3548; x_wconf 87' lang='lat' dir='ltr'>etiarn</span> <span class='ocrx_word' id='word_1_247' title='bbox 647 3494 740 3567; x_wconf 87' lang='lat' dir='ltr'>sedes,</span> <span class='ocrx_word' id='word_1_248' title='bbox 758 3496 820 3553; x_wconf 87' lang='lat' dir='ltr'>alta</span> <span class='ocrx_word' id='word_1_249' title='bbox 837 3496 914 3551; x_wconf 83' lang='lat' dir='ltr'>ostia</span> <span class='ocrx_word' id='word_1_250' title='bbox 926 3492 1021 3561; x_wconf 70' lang='lat' dir='ltr'>brus,</span> 
     </span>
    </p>
   </div>
   <div class='ocr_carea' id='block_1_2' title="bbox 365 3562 1112 3647">
    <p class='ocr_par' dir='ltr' id='par_1_2' title="bbox 365 3562 1112 3647">
     <span class='ocr_line' id='line_1_41' title="bbox 365 3562 1112 3647; baseline 0.015 -32"><span class='ocrx_word' id='word_1_251' title='bbox 365 3562 406 3615; x_wconf 78' lang='lat' dir='ltr'>m</span> <span class='ocrx_word' id='word_1_252' title='bbox 422 3564 561 3621; x_wconf 88' lang='lat' dir='ltr'>scelerum</span> <span class='ocrx_word' id='word_1_253' title='bbox 578 3586 702 3647; x_wconf 68' lang='lat' dir='ltr'>poenas,</span> <span class='ocrx_word' id='word_1_254' title='bbox 720 3579 754 3634; x_wconf 63' lang='lat' dir='ltr'>er,</span> <span class='ocrx_word' id='word_1_255' title='bbox 772 3579 816 3641; x_wconf 59' lang='lat' dir='ltr'>ts,</span> <span class='ocrx_word' id='word_1_256' title='bbox 835 3574 979 3637; x_wconf 60' lang='lat' dir='ltr'>catilina,</span> <span class='ocrx_word' id='word_1_257' title='bbox 992 3562 1112 3625; x_wconf 46' lang='lat' dir='ltr'>mmm&amp;</span> 
     </span>
    </p>
   </div>
   <div class='ocr_carea' id='block_1_3' title="bbox 0 0 1630 4159">
    <p class='ocr_par' dir='ltr' id='par_1_3' title="bbox 0 0 1630 4159">
     <span class='ocr_line' id='line_1_42' title="bbox 0 0 1630 4159; baseline 0 0"><span class='ocrx_word' id='word_1_258' title='bbox 0 0 1630 4159; x_wconf 95' lang='lat' dir='ltr'> </span> 
     </span>
    </p>
   </div>
  </div>
 </body>
</html>
