3242 4159
643 523 827 575 AENEIDOS
846 522 916 572 LIB.
938 522 991 570 Ill.
1199 521 1245 571 131

388 607 521 680 Deriguit
536 607 598 663 visu
614 605 644 660 in
661 605 759 672 medio,
778 604 852 659 calor
870 620 933 657 ossa
950 602 1078 671 reliquit3

388 686 516 755 Labitur,
534 687 563 740 et
580 685 661 751 longo
679 682 725 735 vix
742 681 855 736 tandem
873 684 998 749 tempore
1015 680 1102 735 fatur:

390 762 503 817 Verane
519 764 549 816 te
566 760 656 827 facies,
673 775 756 813 verus
773 757 840 811 mihi
856 755 969 811 nuntius
987 755 1087 822 adfers,
1209 768 1248 808 aio

387 839 466 898 Nato
484 837 552 891 deal
573 836 695 890 vivisml
715 837 771 901 aut,
789 834 813 887 si
830 833 878 886 lux
895 832 968 885 alma
984 832 1104 899 recessit,

389 914 499 969 Hector
516 912 563 966 ubi
581 913 640 966 estl
661 910 739 978 dixit,
756 910 937 978 lacrimasque
955 908 1053 963 effudit
1070 911 1100 962 ct
1117 918 1225 961 omnem

390 989 513 1058 Inplevit
529 988 648 1042 clamore
664 986 761 1041 locum.
796 985 852 1039 Vix
869 1001 956 1053 pauca
972 984 1075 1038 furenti

388 1064 511 1119 Subiicio
529 1067 566 1118 ct·
576 1063 646 1117 raris
663 1062 791 1116 turbatus
808 1060 920 1115 vocibus
937 1060 1025 1116 hisco:

384 1140 463 1195 ¹Viro
475 1140 610 1209 equidem,
622 1138 765 1207 vitamque·
773 1141 899 1192 extrema
915 1152 966 1206 per
982 1138 1072 1192 omnia
1088 1139 1157 1191 duco
1165 1154 1173 1200 ;
1211 1149 1247 1189 aio

388 1217 416 1271 Ν
418 1234 436 1271 e
455 1216 558 1284 dubita,
575 1231 638 1269 nam
656 1231 722 1269 vera
738 1214 824 1268 vides,

389 1291 469 1347 Heu!
492 1292 554 1362 quis
572 1295 602 1345 te
619 1305 698 1344 casus
716 1290 852 1344 deiectam
870 1289 984 1358 coniuge
1001 1291 1080 1344 tauto

388 1368 518 1437 Excipitl
540 1371 589 1422 aut
607 1383 678 1435 quae
696 1365 779 1433 digna
796 1366 863 1419 satis
880 1366 990 1420 fortuna
1006 1365 1103 1419 revisit

389 1444 520 1498 Hectoris
540 1443 770 1498 Andromachen?
792 1441 915 1509 Pyrrhin’
934 1441 1067 1497 connubia
1084 1442 1194 1495 servasi

387 1519 498 1573 Deiecit
515 1519 618 1574 voltum
636 1522 666 1573 et
684 1519 804 1574 denrissa
821 1535 887 1573 voce
904 1519 996 1573 locuta
1012 1522 1067 1574 est:
1209 1532 1247 1571 sao

388 1594 414 1650 0
434 1595 499 1649 felix
517 1611 572 1650 una
589 1599 654 1649 ante
671 1595 739 1650 alias
757 1595 893 1649 Priameia
909 1595 994 1664 virgo,

389 1671 530 1726 Hostilem
547 1671 584 1725 ad
602 1671 737 1726 tumulum
755 1671 853 1726 'l'roiae
871 1673 922 1726 sub
940 1671 1084 1726 moenibus
1101 1670 1165 1724 altis

388 1746 471 1801 Iussa
487 1746 564 1814 mori,
583 1763 654 1817 quae
671 1748 785 1802 sortitus
803 1764 857 1800 non
875 1748 990 1815 pertuht
1007 1747 1083 1815 ullos,

387 1824 416 1877 N
418 1839 451 1878 ec
467 1824 578 1877 victoris
595 1823 656 1877 heri
674 1824 767 1892 tetigit
785 1824 892 1892 captiva
909 1823 1013 1877 cubile!

387 1899 416 1952 N
417 1915 456 1966 os,
474 1899 691 1968 patriciacense
709 1899 818 1953 diversa
835 1917 887 1968 per
903 1916 1023 1969 aequora
1040 1901 1143 1965 vectae,
1209 1912 1246 1952 aas

388 1975 492 2044 Stirpis
511 1975 653 2030 Achilleae
669 1977 758 2031 fastus
775 1976 958 2045 iuvenemque
976 1974 1131 2044 superbum,

387 2050 509 2104 Servitia
526 2052 628 2117 enixae,
647 2051 773 2118 tulimus;
795 2052 843 2121 qui
861 2052 968 2118 dende,
986 2054 1096 2106 secutus

388 2125 529 2181 Ledaeam
549 2128 718 2182 Hermionen
738 2128 1024 2198 Lacedaemoniosque
1042 2128 1209 2197 hymenaeos

388 2201 439 2255 Mo
452 2202 555 2256 famulo
565 2204 751 2273 famulamque
765 2204 872 2259 Heleno
884 2204 1037 2259 transmisit
1048 2203 1210 2259 habendam.

388 2280 447 2331 Ast
463 2277 548 2346 illum,
567 2283 679 2348 ereptae
696 2297 795 2348 magno
813 2281 997 2336 inflammatus
1014 2298 1106 2335 amoro
1209 2293 1246 2334 aaa

388 2353 520 2422 Coniugis
537 2358 567 2409 et
583 2355 715 2409 scelerum
735 2356 826 2410 Furiis
844 2357 971 2425 agitatus,
990 2356 1103 2411 Orestes

388 2429 501 2497 Excipit
517 2431 656 2485 incautum
674 2433 833 2501 patriasque
851 2432 998 2486 obtruncat
1015 2432 1051 2485 ad
1068 2448 1136 2485 aras

388 2504 483 2560 Morte
501 2506 677 2576 Neoptolemi
695 2524 842 2576 regnorum
860 2507 972 2561 reddita
990 2508 1072 2561 cessit

389 2580 459 2634 Pars
477 2582 592 2651 Heleno,
610 2584 657 2653 qni
675 2584 808 2646 Chaonios
826 2584 985 2652 cognomine
1003 2600 1112 2653 campos

388 2656 593 2728 Chaoniamque
611 2676 718 2714 omnem
737 2662 853 2715 Troiano
871 2677 888 2713 a
906 2660 1016 2715 Chaone
1034 2660 1113 2729 dixit,
1208 2676 1244 2716 aaa

389 2732 580 2804 Pergamaque
598 2735 765 2805 Iliacamque
782 2738 854 2805 iugis
871 2737 941 2791 hanc
958 2738 1067 2792 addidit
1085 2752 1182 2792 arcem.

388 2808 446 2862 Sed
463 2809 515 2863 tibi
534 2812 582 2880 qui
600 2828 708 2866 cursum
726 2815 809 2881 venti,
828 2831 899 2883 quac
916 2814 975 2869 fata
992 2814 1110 2869 dederel

390 2885 451 2937 Aut
468 2885 592 2953 quisnam
609 2888 736 2956 ignarum
754 2890 855 2944 nostris
874 2889 943 2943 deus
960 2890 1068 2959 adpulit
1086 2890 1158 2943 orisl

389 2959 464 3023 Quid
481 2977 550 3028 puer
568 2964 720 3017 Ascanius'l
742 2969 890 3034 'superatne
908 2969 938 3020 et
954 2967 1074 3020 vescitur
1091 2982 1165 3033 aura,

388 3036 479 3102 Quem
497 3036 549 3090 tibi
566 3039 620 3091 iam
639 3040 754 3095 Troia-
1207 3055 1244 3094 aro

387 3111 485 3180 licqua
502 3117 595 3168 tamen
612 3132 699 3184 puero
716 3122 760 3172 est
777 3118 893 3172 amissae
910 3134 976 3172 cura
992 3116 1131 3187 parentisl

387 3187 497 3256 Ecquid
515 3189 542 3241 in
560 3192 702 3259 antiquam
721 3194 852 3248 virtutem
869 3195 1027 3262 animosque
1045 3192 1131 3245 virilis

388 3263 427 3316 lit
444 3267 524 3332 pater
543 3268 653 3320 Aeneas
670 3271 700 3323 et
717 3269 865 3323 aminculus
883 3270 985 3324 excitat
1004 3270 1125 3324 Hectori

386 3337 465 3392 'l'alia
481 3339 617 3397 fundebat
634 3342 778 3399 lacrimans
795 3345 945 3416 longosque
962 3345 1054 3399 ciebat

382 3413 525 3499 lucasqum
542 3416 632 3487 lictus,
651 3436 714 3475 cum
732 3438 796 3478 sese
814 3440 831 3479 a
848 3423 1000 3480 moenibus
1014 3422 1107 3479 heros
1228 3427 1273 3466 ’ὣ

370 3485 528 3575 Priamides
544 3493 643 3549 multis
660 3497 796 3558 Helenus
815 3503 1031 3561 comitantibus
1048 3498 1174 3565 sareas·

355 3556 579 3680 Adaqopcrtque
595 3586 673 3641 snos,
694 3576 862 3655 laetusque
883 3585 925 3642 ad
941 3584 1056 3640 limina
1072 3575 1174 3639 ducit,
