3242 4159
337 557 341 566 .
486 575 492 585 .
662 517 847 566 Annnrnos
864 518 933 567 me.
953 520 975 567 1.
1213 521 1243 570 97

337 609 340 620 '
382 601 493 658 Seindit
509 613 541 654 se
557 598 645 670 nubes
662 603 692 653 et
708 600 737 652 in
756 599 870 653 aethera
886 604 987 669 purgat
1005 604 1139 668 apertum.

337 699 339 706 ·
382 677 503 732 Restitit
522 678 632 729 Aeneas
650 675 778 745 claraque
795 676 824 728 in
843 676 904 729 luce
922 676 1038 744 refulsit,

383 753 424 808 Oe
441 753 626 819 humerosque
644 752 697 804 deo
715 751 826 817 similis3
846 769 964 820 namque
982 753 1041 820 ipsa
1059 753 1185 806 decoram

383 829 541 886 emonem
560 832 624 881 nato
643 829 769 895 genetrix
787 829 934 896 lumenque
951 829 1078 882 iuventae
1210 843 1258 882 oso-

383 906 561 974 Purpureum
580 908 610 957 et
628 905 714 957 lactes
734 905 818 957 oculis
836 905 953 958 adflarat
970 905 1099 960 honores:

385 982 477 1047 Quale
495 998 591 1034 manus
610 981 717 1034 addunt
736 980 811 1033 ebori
831 981 922 1047 decus,
941 986 988 1035 aut
1006 981 1054 1035 ubi
1072 982 1141 1035 flavo

383 1061 544 1125 Argentum
563 1056 694 1109 Pariusve
712 1057 780 1124 lapis
799 1057 986 1111 circumdatur
1002 1074 1077 1114 aure.

383 1134 454 1187 Tum
474 1134 512 1185 sie
530 1132 652 1199 reginam
671 1133 836 1201 adloquitur,
853 1134 1012 1202 cunctisque
1030 1137 1143 1202 repente

383 1210 546 1277 Inprovisus
564 1209 616 1262 ait:
642 1209 747 1273 Coram,
767 1227 849 1277 quem
868 1210 1008 1277 quaeritis
1026 1210 1130 1276 adsum,
1210 1225 1245 1261 595

384 1285 484 1338 Troius
503 1287 619 1350 Aeneas,
639 1284 746 1352 Libyeis
765 1290 877 1353 ereptus
896 1285 930 1337 ab
949 1285 1038 1340 undis.

384 1360 408 1413 0
429 1360 487 1413 sola
504 1360 629 1413 infandos
649 1361 745 1415 Troiae
763 1362 893 1414 miserata
911 1361 1025 1428 labores,

383 1435 463 1499 Quae
480 1436 682 1504 nos,‚reliquias
701 1436 834 1502 Danaum,
853 1443 997 1505 terraeque
1015 1437 1152 1505 marisque

384 1512 521 1565 Omnibus
538 1512 685 1565 exhaustos
703 1513 755 1565 iam
774 1515 887 1580 casibus
906 1514 1027 1567 emnium
1045 1530 1152 1581 egenos,

383 1588 471 1654 Urbe,
490 1588 577 1654 deme,
597 1589 690 1652 socias,
709 1595 802 1655 grates
821 1591 978 1656 persolvere
998 1590 1094 1657 dignas
1206 1605 1243 1643 eoo

383 1664 448 1716 Non
466 1665 525 1732 opis
544 1667 586 1717 est
604 1668 721 1730 nostrae,
741 1665 821 1729 Dide,
841 1682 889 1718 nce
910 1666 1044 1733 quidquid
1062 1664 1163 1733 ubique
1182 1670 1225 1718 cst

384 1738 484 1793 Gentis
503 1739 664 1806 Dardaniae,
682 1757 809 1807 magnum
829 1758 899 1808 quae
919 1758 1012 1808 sparsa
1030 1758 1080 1808 per
1098 1741 1199 1793 orbem.

383 1815 421 1867 Di
440 1814 498 1882 tibi,
517 1816 540 1868 si
558 1833 612 1883 qua
629 1816 688 1883 pios
707 1822 864 1883 respectant
882 1817 999 1882 numina,
1018 1817 1041 1868 si
1060 1816 1127 1882 quid

382 1891 509 1959 Usquam
527 1891 631 1944 iustitia
649 1895 692 1944 cst
711 1896 740 1945 et
758 1909 834 1944 mens
852 1892 904 1945 sibi
924 1892 1029 1945 conscia
1046 1891 1123 1960 recti,

383 1966 511 2020 Praemia
523 1967 607 2035 digna
619 1968 714 2021 fciant.
754 1968 830 2031 Quae
844 1974 871 2022 te
885 1977 942 2022 tam
955 1968 1028 2022 laeta
1039 1968 1163 2036 tulerunt
1206 1981 1242 2020 mo

382 2043 516 2096 Saceulal
538 2043 584 2110 qui
603 2044 673 2095 tanti
691 2044 774 2097 talem
791 2062 912 2111 genuere
929 2046 1074 2113 parentes?

383 2118 420 2171 In
437 2117 511 2172 freta
529 2118 594 2170 dum
612 2118 685 2171 fluvii
704 2125 821 2181 current,
841 2120 906 2173 dum
925 2120 1064 2174 mentibus
1081 2120 1195 2173 umbrae

383 2193 557 2248 Lustrabunt
575 2210 701 2259 convexa,
719 2196 797 2263 polus
817 2196 882 2249 dum
902 2197 992 2250 sidem
1009 2200 1110 2266 pascet,

382 2270 499 2338 Semper
515 2269 601 2322 honos
617 2287 772 2339 nomenque
791 2276 869 2325 tuum
887 2273 1036 2340 laudesque
1055 2271 1211 2336 manebunt,

383 2346 461 2409 Quae
473 2362 645 2413 mecumque
657 2351 754 2400 vocant
767 2352 865 2401 terrae.
901 2349 945 2401 Sic
957 2349 1038 2414 fatus,
1050 2348 1165 2399 amicum
1205 2362 1241 2398 ero

382 2421 491 2475 Ilionea
508 2421 580 2490 petit
599 2422 705 2488 dextra,
724 2422 855 2491 laevaque
875 2424 1021 2489 Serestum,

383 2498 453 2550 l'ost
471 2497 556 2565 alios·
563 2497 718 2566 fortemque
738 2500 822 2565 Gyan,
841 2500 996 2566 fortemque
1016 2498 1187 2553 Cloantlnun.

420 2573 561 2641 Obstipuit
579 2574 667 2642 primo
685 2581 798 2644 aspectu
817 2574 928 2628 Sidonia
947 2574 1025 2642 Dide,

382 2650 457 2704 Casu
475 2649 576 2703 deinde
594 2649 645 2703 viri
663 2655 749 2716 tento,
768 2655 797 2704 et
815 2653 853 2704 sie
871 2668 919 2704 ore
937 2651 1028 2704 locuta
1045 2652 1102 2704 est:

382 2726 451 2790 Quis
470 2729 508 2792 te,
526 2729 590 2779 nate
609 2726 667 2793 dea,
687 2744 736 2795 per
754 2730 832 2780 tanta
849 2728 969 2796 pericula
987 2744 1064 2782 ersus
1206 2740 1258 2778 ors·

382 2802 564 2869 insequiturr
591 2819 661 2870 quae
680 2804 720 2855 iis
738 2803 893 2857 inmanibus
911 2803 1031 2872 adplicat
1048 2803 1117 2856 erist

382 2878 460 2931 Tune
479 2877 526 2930 ille
546 2879 661 2944 Aeneae,
680 2896 761 2946 quem
780 2880 920 2934 Dardanio
941 2881 1078 2934 Anchisae

382 2954 469 3010 Alma
486 2953 582 3008 Venus
601 2955 710 3023 Phrygii
728 2956 824 3022 genuit
844 2956 990 3011 Simoentis
1009 2957 1045 3009 ad
1062 2955 1180 3009 undam?

383 3033 480 3098 Atque
499 3030 628 3099 equidem
647 3031 779 3084 Teucrum
798 3033 909 3084 memini
927 3034 1029 3086 Sidona
1046 3031 1137 3085 venire

382 3105 499 3160 Finibus
517 3107 660 3176 expulsum
678 3108 781 3174 patriis,
801 3125 871 3161 nova
888 3126 972 3176 regna
990 3111 1129 3176 petentem
1206 3120 1242 3156 ero

344 3239 352 3252 ,
382 3182 498 3236 Auxilio
516 3182 593 3247 Beli3
612 3184 719 3250 genitor
738 3187 797 3236 tum
817 3184 901 3236 Belus
918 3185 1034 3251 opimam

384 3257 524 3312 vastabat
542 3259 668 3327 Cyprum,
686 3263 715 3312 et
733 3260 820 3312 victor
838 3259 943 3313 dicione
961 3258 1080 3312 tenebat.

379 3331 521 3402 Tempore
538 3335 592 3386 iam
610 3352 645 3387 ex
663 3335 709 3387 ille
727 3351 805 3387 casus
823 3334 890 3387 milri
908 3335 1033 3401 cognitus
1051 3331 1126 3385 urbis

383 3409 519 3464 Troianae
535 3427 688 3478 nomenque
709 3413 785 3464 tuum
805 3426 942 3480 regesque
963 3409 1082 3478 l'elasqi.

373 3485 444 3548 Ipse
457 3483 548 3536 Iresti's
568 3485 686 3540 Teucros
705 3488 808 3558 insigni
827 3490 914 3545 laude
934 3489 1059 3559 larebat,
1236 3494 1275 3530 iffi*

360 3554 457 3616 Seque
474 3560 568 3609 ertum
585 3562 709 3630 antiqua
728 3565 912 3623 Teucrorum
933 3569 971 3625 ab
991 3568 1091 3638 stirpe
1110 3560 1243 3618 rubebat„
