3242 4159
627 533 811 585 AENEIDOS
828 534 899 585 LIB.
916 534 953 585 X.
1170 539 1218 586 269

362 615 481 672 Hortati
500 631 602 684 sumus,
620 618 670 669 aut
687 614 773 669 vitam
791 614 965 670 committere
983 614 1094 673 rentisl

361 693 442 747 Num
460 708 544 762 puero
564 706 696 745 summam
714 690 787 759 belli,
802 708 869 745 num
886 691 999 746 credere
1017 694 1129 754 muros'l
1193 702 1218 746 ⁷⁰

362 769 589 837 Tyrrhenamque
606 767 691 821 iidem
708 770 757 821 aut
774 767 865 835 gentis
882 767 989 835 agitare
1006 766 1134 836 quietas?

363 844 435 910 Quis
454 844 522 897 deus
540 843 569 896 in
588 843 721 912 fraudem,
740 859 812 912 quae
831 843 901 897 dura
918 843 1043 912 potentia
1060 843 1149 897 nostri

362 921 452 989 Egitl
469 919 517 974 uhi
535 919 580 974 hic
602 920 680 986 Iuno,
700 919 853 973 demissave
873 918 993 972 nubibus
1014 917 1088 973 Irisl

364 996 515 1064 Indignum
536 1000 579 1051 est
598 995 685 1062 Italos
703 995 813 1049 'lroiam
832 995 1002 1049 circumdare
1019 993 1137 1049 flammis

362 1072 392 1126 Ν
394 1076 540 1141 essentem,
558 1076 588 1126 et
605 1071 696 1141 patria
715 1071 838 1124 Turnum
855 1072 1006 1125 consistere
1025 1074 1108 1137 terra,
1192 1083 1217 1125 ⁷⁵

364 1149 419 1203 Oui
439 1148 579 1201 Pilumnus
598 1163 672 1215 aurs,
691 1146 735 1201 cui
754 1147 818 1201 diva
837 1146 946 1201 Venilia
965 1150 1072 1203 mater:

364 1223 448 1292 Quid,
467 1225 526 1277 face
543 1223 675 1277 Troianos
691 1226 753 1277 atra
770 1224 825 1276 vim
842 1223 916 1277 ferre
934 1223 1048 1291 Latinis,

364 1300 443 1353 Arva
461 1300 549 1353 aliena
567 1300 632 1367 iugo
652 1314 779 1368 premere
798 1302 883 1367 atque
902 1301 1027 1353 avertere
1045 1298 1182 1367 praedasi

365 1374 441 1439 Quid
460 1391 566 1429 soceros
585 1374 677 1443 legere
693 1379 722 1429 et
740 1374 853 1443 gremiis
871 1374 1008 1428 abducere
1023 1374 1125 1443 pactas,

364 1449 466 1504 Pacem
485 1467 563 1505 orare
581 1467 672 1518 mann,
692 1450 845 1519 praefigere
860 1449 999 1520 puppibus
1015 1452 1111 1505 armai
1190 1465 1216 1504 so

363 1526 408 1581 'l'u
425 1531 504 1595 potes
523 1531 638 1582 Aenean
656 1526 782 1580 manibus
801 1526 954 1581 subducere
973 1526 1096 1594 Graium,

364 1601 476 1671 Proque
495 1604 554 1658 viro
571 1603 700 1657 nebulam
718 1605 748 1658 et
766 1606 864 1657 ventos
882 1602 1033 1658 obtendere
1050 1602 1146 1671 inanis,

365 1679 404 1732 Et
420 1683 499 1748 potes
516 1679 545 1733 in
562 1680 681 1734 totidem
698 1679 813 1733 classem
829 1682 990 1734 convertere
1006 1678 1167 1749 Nymphas:

364 1754 391 1808 N
393 1771 425 1809 os
441 1755 547 1825 aliquid
565 1755 683 1810 Rutulos
700 1758 796 1810 contra
811 1755 914 1809 iuvisse
930 1755 1079 1809 nefandum
1096 1755 1160 1809 esti

365 1832 477 1885 Aeneas
494 1831 606 1899 ignarus
627 1830 722 1886 abest:
745 1829 857 1899 ignarus
877 1834 908 1885 et
927 1830 1007 1884 absit.
1190 1844 1216 1883 es

363 1906 417 1961 list
439 1906 557 1976 Paphus,
577 1907 752 1975 Idaliumque
769 1905 829 1973 tibi,
849 1909 914 1960 sunt
932 1906 988 1960 alta
1008 1906 1145 1975 (lythem

363 1982 438 2047 Quid
449 1983 591 2051 pavidam
607 1983 686 2037 bellis
702 1982 800 2037 urbem
816 1985 846 2037 et
861 1982 944 2037 eorda
960 1998 1057 2051 aspera
1070 1982 1212 2051 temptas?

363 2057 459 2112 Nosne
477 2059 529 2114 libi
547 2059 636 2113 fluxas
655 2058 790 2127 Phrygiae
808 2075 854 2113 res
872 2061 981 2113 vertere
999 2057 1085 2112 fundo

364 2134 517 2199 conamur?
539 2136 610 2190 nosl
632 2150 667 2188 an
688 2134 802 2189 miseros
820 2134 869 2204 qui
888 2135 973 2188 'lroas
992 2133 1106 2188 Achivis

363 2209 495 2265 Obiecitl
519 2210 595 2275 Quae
615 2226 712 2263 caussa
731 2210 793 2278 fuit,
814 2226 978 2278 consurgere
997 2210 1026 2263 in
1046 2226 1123 2264 arma
1189 2224 1215 2264 oo

364 2285 557 2355 Europamque
576 2286 735 2354 Asiamque,
752 2290 782 2340 et
799 2286 912 2339 foedera
929 2286 1034 2339 solvero
1050 2285 1144 2339 furtel

363 2362 413 2415 Me
432 2362 502 2415 duce
520 2362 677 2415 Dardanius
694 2363 823 2431 Spartam
842 2361 1008 2430 expugnavit
1026 2360 1144 2428 adulter,

365 2438 426 2490 Aut
446 2454 497 2506 ego
516 2438 573 2492 tela
592 2438 665 2506 dedi,
682 2437 771 2491 fovive
793 2435 929 2505 Cupidine
947 2434 1041 2489 bellai

363 2512 433 2567 Tum
453 2514 547 2567 decuit
565 2515 695 2568 metuisse
712 2513 786 2568 tuis:
802 2528 875 2566 nunc
894 2528 956 2565 sera
974 2510 1093 2579 querelis

362 2588 450 2643 Haud
467 2589 548 2643 iustis
569 2590 702 2657 adsurgis,
724 2592 754 2644 et
772 2589 856 2642 inrita
875 2587 965 2656 iurgia
984 2586 1077 2641 iactas
1189 2600 1213 2638 oo

400 2665 510 2719 Talibus
530 2665 627 2720 orabat
645 2665 722 2731 luno,
735 2664 882 2733 cunctique
892 2661 1046 2718 fremebant

363 2741 514 2797 Caelicolae
531 2742 649 2795 adsensu
666 2741 756 2805 vario;
779 2757 830 2794 ceu
847 2739 956 2793 flamina
972 2738 1061 2809 prima

363 2817 434 2872 Cum
453 2817 588 2885 deprensa
603 2817 725 2870 fremunt
744 2816 827 2884 silvis,
848 2819 878 2870 et
898 2831 979 2869 caeca
998 2815 1123 2870 volutant

362 2893 514 2961 Murmura,
533 2897 663 2947 venturos
681 2893 771 2945 nautis
788 2892 935 2961 prodentia
951 2894 1055 2950 ventos.

361 2970 433 3024 'lum
452 2970 536 3024 Pater
553 2970 730 3037 omnipotens,
748 2985 841 3021 rerum
858 2968 902 3021 eui
919 2967 1008 3036 prima
1024 2969 1153 3034 potestas,
1177 2981 1214 3019 reo

362 3046 449 3110 lnfit;
472 3062 504 3100 eo
524 3046 633 3099 dicento
653 3045 736 3098 deum
755 3043 853 3097 domus
871 3043 928 3096 alta
947 3041 1057 3109 silescit,

363 3122 401 3176 Et
419 3123 582 3176 tremefacta
600 3120 657 3175 solo
674 3119 773 3185 tellus;
797 3119 860 3172 silet
877 3118 980 3171 arduus
997 3116 1094 3171 aether
1103 3136 1111 3182 3

361 3198 433 3252 'lum
445 3198 561 3267 Zephyri
578 3213 711 3267 posuere;
731 3195 833 3265 premit
848 3194 956 3264 placida
971 3208 1090 3262 aequora
1105 3196 1212 3260 pontus.

362 3275 490 3344 Accipite
511 3291 575 3343 ergo
597 3273 693 3327 animis
713 3276 797 3341 atque
816 3272 884 3325 haec
902 3287 963 3325 mea
982 3269 1058 3338 figite
1077 3268 1158 3321 dicta.

362 3350 591 3419 Quandoquidem
608 3348 745 3403 Ausonios
760 3347 887 3415 coniungi
902 3347 1014 3400 foedere
1030 3343 1142 3398 Teucris
1176 3358 1212 3397 ros

362 3427 447 3482 Haud
465 3427 576 3493 licitum,
597 3443 647 3480 noe
665 3428 761 3480 vestra
778 3424 855 3494 capit
874 3422 1020 3478 dueordia
1034 3419 1144 3482 linem:

354 3501 432 3563 Quae
442 3501 543 3570 cuique
549 3507 595 3559 est
604 3503 722 3560 fortuna
729 3503 831 3573 hodie,
839 3518 931 3575 qnam
938 3490 1247 3569 qmsqueffihsswffi

353 3573 412 3627 l'res
429 3575 597 3637 liuhrlusne
613 3581 689 3652 fuat,
709 3583 795 3640 nullo
814 3578 995 3639 discrimine
1006 3565 1147 3630 hanape,
