3242 4159
647 516 856 567 GEORGIGON
874 517 944 567 LIB.
963 517 987 569 1.
1207 520 1246 562 ,33

387 601 478 667 Quam
496 597 592 655 (iereri
609 600 684 654 torta
700 597 846 652 redimitus
863 599 989 667 tempora
1005 610 1109 666 quercu

384 677 444 731 Det
462 679 553 731 motus
570 675 751 744 inconpositos
770 677 800 729 et
819 675 938 729 carmina
956 674 1037 728 dicat.
1211 684 1248 726 sto

421 756 519 822 Atque
537 752 603 805 haec
621 756 653 805 ut
670 752 752 805 certis
770 768 912 821 possemus
930 751 1036 805 discere
1054 750 1143 818 signis,

384 830 553 896 Aestusque,
573 828 741 897 pluviasque,
763 831 793 882 et
810 829 918 896 agentis
935 828 1037 895 frigora
1054 830 1158 894 ventos,

384 905 454 975 Ipso
473 905 557 959 Pater
575 904 680 971 statuit,
701 904 768 972 quid
784 908 927 958 menstrua
945 903 1022 957 Luna
1039 909 1177 970 moneret3

384 983 447 1048 Quo
465 983 542 1050 sigm
560 980 691 1035 caderent
710 981 809 1046 austri3
833 977 902 1049 quid
919 997 1001 1050 saepe
1018 982 1144 1036 videntes

383 1058 533 1127 Agricolae
550 1058 662 1127 propius
684 1057 797 1111 stabulis
817 1060 941 1110 armenta
958 1061 1093 1115 tenerent.
1209 1071 1247 1112 ³⁵5

382 1135 528 1201 Continuo,
546 1134 635 1188 ventis
654 1132 836 1201 surgentibus,
856 1136 904 1186 aut
921 1132 994 1187 freta
1010 1136 1087 1203 ponti

382 1210 525 1279 Incipiunt
543 1210 648 1277 agitata
666 1211 820 1263 tumescere
839 1212 868 1263 et
885 1210 978 1264 aridus
996 1211 1059 1264 altis

380 1286 529 1341 Montibus
548 1285 637 1339 audiri
655 1285 755 1353 fragor,
775 1288 825 1339 aut
842 1288 998 1340 resonantia
1016 1287 1096 1355 longe

381 1362 481 1416 Litora
500 1361 606 1416 misceri
627 1364 657 1416 et
673 1377 816 1415 nemorum
834 1360 1022 1416 increbescere
1038 1379 1169 1416 murmur.

382 1439 448 1494 Iam
467 1439 517 1492 sibi
535 1441 595 1492 tum
615 1438 704 1492 curris
722 1438 793 1492 male
811 1441 949 1507 temperat
965 1439 1041 1493 unda
1057 1439 1161 1507 earinis,
1208 1452 1246 1491 seo

381 1516 456 1570 Cum
474 1514 565 1569 medio
583 1513 687 1568 celeres
704 1514 829 1567 revolant
846 1530 881 1568 ex
899 1531 1019 1583 aequore
1036 1516 1123 1583 mergi

381 1592 595 1659 Clamoremque
612 1590 705 1644 ferunt
723 1588 760 1642 ad
777 1589 867 1658 litora,
886 1607 1004 1659 cumque
1020 1593 1141 1645 marinae

382 1668 421 1721 In
440 1667 508 1721 sicco
527 1666 627 1719 ludunt
644 1665 749 1733 fulicae,
767 1668 901 1735 nctesque
918 1667 1026 1735 paludis

382 1743 496 1797 Deserit
515 1745 599 1811 atque
617 1741 701 1795 altam
719 1757 802 1808 supra
819 1742 893 1795 volat
911 1743 995 1795 ardeo
1012 1742 1119 1795 nubem.

383 1820 474 1887 Saepe
493 1819 576 1873 etiam
594 1818 695 1886 stollas,
713 1820 796 1872 rento
814 1817 989 1886 inpendente,
1006 1817 1111 1872 videbis
1206 1832 1243 1871 sos

384 1894 547 1963 Praecipitis
568 1894 641 1947 caelo
659 1893 723 1962 labi,
740 1894 883 1961 noctisque
900 1910 951 1962 per
967 1893 1093 1948 umbram

383 1971 571 2025 Flammarum
591 1969 685 2038 longos
707 1986 724 2023 a
740 1972 819 2038 tergo
838 1969 977 2024 albescere
993 1973 1113 2037 tractus3

383 2046 474 2116 Saepe
492 2046 580 2100 levem
599 2045 705 2115 paleam
716 2047 752 2098 et
770 2045 880 2099 frondes
899 2046 1012 2101 volitare
1029 2046 1152 2115 caducas,

385 2126 448 2177 Aut
465 2133 570 2176 summa
587 2122 678 2174 nantis
695 2121 724 2174 in
742 2138 814 2190 aqua
831 2122 969 2177 colludere
985 2122 1097 2193 plumas.

385 2199 428 2252 At
447 2198 552 2251 Boreae
570 2197 606 2251 de
622 2199 703 2267 parte
721 2198 804 2251 trucis
823 2215 884 2251 cum
901 2199 1034 2267 fulminat,
1052 2202 1159 2252 etcum
1204 2212 1242 2252 sro

384 2273 506 2342 Eurique
525 2272 696 2342 Zephyrique
714 2275 793 2327 tonat
811 2273 921 2328 domus:
945 2275 1035 2330 omnia
1051 2274 1138 2344 plenis

385 2348 463 2402 Rura
479 2352 575 2403 natant
593 2349 680 2416 fossis,
699 2352 783 2418 atque
800 2350 887 2403 omnis
904 2352 995 2405 navita
1012 2353 1096 2420 ponto

385 2424 509 2479 Humida
526 2424 587 2478 vela
603 2424 677 2493 legit.
715 2424 873 2493 Numquam
890 2425 1099 2495 inprudentibus
1114 2425 1203 2478 imber

385 2500 495 2555 obluit:
520 2503 568 2554 aut
584 2499 661 2568 illum
680 2504 838 2568 surgentem
856 2501 970 2554 vallibus
987 2501 1047 2554 imis

384 2577 486 2631 Aeriae
502 2576 599 2644 fugere
617 2592 706 2644 grues,
725 2579 773 2629 aut
790 2574 890 2630 bucula
908 2577 1011 2630 caelum
1204 2588 1241 2630 ³75

383 2652 538 2722 Suspiciens
556 2652 656 2722 patulis
675 2652 795 2721 captarit
814 2653 924 2706 naribus
941 2669 1029 2721 auras,

383 2730 444 2782 Aut
461 2731 560 2797 arguta
576 2728 650 2782 lacus
670 2728 895 2782 circumvolitavit
912 2728 1036 2793 hirundo,

383 2803 422 2858 Iit
438 2808 562 2859 veterem
578 2805 606 2859 in
624 2805 689 2859 limo
707 2821 790 2859 ranae
808 2805 931 2860 cecinere
948 2805 1093 2872 querelam.

383 2880 498 2950 Saepius
515 2883 544 2935 et
561 2882 642 2936 tectis
660 2880 847 2951 penetralibus
864 2882 965 2935 extulit
982 2898 1032 2936 ova

383 2955 542 3024 Angustum
559 2958 671 3011 formica
690 2960 784 3011 terens
803 2958 864 3027 iter,
883 2961 912 3012 et
929 2957 1000 3012 bibit
1016 2958 1111 3026 ingens
1203 2970 1239 3011 sse

382 3033 482 3101 Arcus,
500 3037 529 3088 et
546 3050 562 3088 e
580 3037 661 3103 pastu
682 3033 818 3088 decedens
836 3035 943 3102 agmine
961 3047 1059 3102 magno

383 3108 534 3163 Oorvomm
550 3111 686 3179 increpuit
705 3110 796 3163 densis
815 3111 950 3164 exercitus
967 3110 1023 3163 alis.

383 3183 445 3237 Iam
462 3186 551 3239 varias
567 3187 655 3256 pelagi
676 3187 805 3257 volucres,
825 3190 854 3240 et
873 3204 943 3255 quae
962 3186 1030 3240 Asia
1046 3184 1145 3237 circum

382 3259 516 3314 Dulcibus
534 3263 561 3316 in
580 3264 683 3332 stagnis
703 3266 837 3319 rimantur
854 3266 934 3335 prata
953 3260 1065 3330 Caystri,

382 3335 516 3391 ceruum
531 3340 622 3409 largos
639 3340 763 3398 inumeris
781 3340 928 3397 inirmdere
944 3354 1034 3406 rores,

367 3408 451 3462 Nunc
466 3419 550 3482 eaput
568 3417 712 3476 obiectare
731 3422 825 3493 stetin,
843 3432 1059 3485 nunccurrere
1072 3414 1107 3467 in
1121 3410 1230 3471 urinas,

353 3478 394 3529 Et
408 3486 505 3540 studio
522 3491 668 3552 recessum
689 3499 792 3557 rideas
812 3502 930 3574 gestire
944 3495 1082 3555 lavanda

345 3550 413 3607 firm
431 3564 531 3615 cornix
547 3568 641 3635 plena
659 3576 798 3647 pluviam
819 3583 916 3639 vocat
931 3578 1071 3650 inproba
1086 3584 1166 3629 ‘³00ss
