3242 4159
641 526 823 578 AENEIDOS
838 526 908 578 LIB.
927 524 978 577 Vl.
1185 524 1234 575 197

381 610 501 667 Tantum
519 610 626 677 effatus,
645 612 674 664 et
691 608 720 662 in
737 608 822 662 verbo
839 607 955 677 vestigia
972 606 1061 662 torsit
1140 627 1157 649 κ

419 687 542 755 Respicit
561 687 672 739 Aeneas
690 684 788 752 subito,
808 687 838 738 et
855 684 907 737 sub
924 700 993 751 rupe
1011 683 1121 738 sinistra

382 762 493 816 Moenia
510 762 567 817 lata
585 761 668 827 videt,
686 759 787 829 triplici
806 758 974 814 circumdata
991 774 1078 827 muro,

383 837 462 902 Quae
479 838 592 906 rapidus
610 835 727 903 flammis
743 835 832 890 ambit
849 834 1018 889 torrentibus
1036 833 1131 901 amnis,
1199 846 1236 887 eso

383 913 532 968 Tartareus
551 912 730 981 Phlegethon,
747 914 917 979 torquetque
934 911 1059 964 sonantia
1076 906 1150 963 saka

384 989 470 1043 Porta
488 990 610 1057 adversa,
628 990 731 1057 ingens,
749 987 891 1056 solidoque
908 986 1054 1040 adamante
1071 986 1219 1053 columnae,

385 1064 436 1119 Vis
454 1068 487 1120 ut
506 1066 579 1119 nulla
596 1064 693 1132 virum,
711 1080 766 1117 nou
783 1062 836 1131 ipsi
854 1062 1015 1117 exscindere
1031 1061 1105 1115 bello

385 1141 536 1196 Caelicolae
553 1140 678 1206 valeant3
701 1143 758 1194 stat
774 1140 866 1192 ferrea
882 1139 967 1192 turris
984 1138 1021 1191 ad
1038 1153 1127 1206 auras,

384 1217 586 1285 Tisiphoneque
603 1216 710 1282 sedens,
729 1215 802 1283 palla
820 1215 955 1268 succincta
972 1217 1091 1280 cruenta,
1201 1227 1238 1266 sss

387 1292 560 1347 Vestibulum
578 1293 715 1347 exsomnis
733 1294 825 1344 servat
842 1292 990 1359 noctesque
1008 1289 1130 1358 diesque.

386 1370 460 1423 Hinc
478 1369 603 1423 exaudiri
621 1369 747 1436 gemitus,
766 1369 796 1420 et
814 1383 895 1420 saeva
912 1382 1008 1420 sonare

387 1445 526 1511 Verbera;
547 1448 607 1499 tum
626 1444 727 1497 stridor
744 1443 817 1511 ferri,
835 1445 995 1510 tractaeque
1012 1443 1133 1495 catenae.

387 1521 518 1575 Constitit
536 1523 654 1587 Aeneas,
672 1520 846 1587 strepituque
864 1518 1014 1572 exterritus
1030 1516 1126 1571 haesit.

387 1597 464 1661 Quae
482 1596 614 1651 scelerum
631 1596 731 1649 faciest
752 1611 768 1647 o
786 1595 874 1662 virgo,
890 1594 988 1660 effare;
1006 1592 1139 1662 quibusve
1201 1606 1238 1646 seo

387 1673 548 1741 Urguentur
565 1672 676 1741 poenis?
695 1670 756 1740 quis
774 1674 869 1724 tantus
886 1670 1000 1739 plangor
1017 1669 1169 1737 adaurasl

388 1749 457 1802 Tum
475 1751 552 1803 vates
570 1748 609 1801 sic
626 1764 688 1801 orsa
705 1747 794 1816 loqui:
817 1746 880 1798 Dux
898 1746 1001 1798 inclute
1019 1744 1161 1813 Teucrum,

388 1824 465 1879 Nulli
483 1824 524 1878 fas
542 1826 616 1877 casto
635 1823 797 1878 sceleratum
815 1821 942 1875 insistere
960 1820 1058 1885 limen;

389 1900 445 1954 Sed
462 1915 508 1953 me
525 1916 585 1953 cum
603 1899 670 1952 lucis
690 1898 796 1952 Hecate
813 1896 948 1967 praefecit
966 1895 1091 1964 Avernis,

390 1977 456 2046 Ipsa
473 1976 555 2029 deum
572 1992 673 2044 poenas
692 1974 792 2040 docuit,
811 1990 916 2042 perque
933 1973 1023 2026 omnia
1041 1972 1128 2025 duxit.
1204 1984 1240 2025 ses

390 2052 507 2107 Gnosius
524 2051 591 2105 haec
610 2050 837 2104 Rhadamanthus
853 2049 944 2116 habet,
964 2048 1109 2102 durissima
1125 2063 1219 2117 regna,

390 2128 569 2196 Castigatque
587 2126 718 2195 auditque
737 2127 821 2195 dolos,
839 2125 997 2194 subigitque
1014 2124 1105 2194 fateri,

391 2204 468 2267 Quae
485 2203 546 2272 quis
564 2203 639 2272 apud
657 2220 777 2270 superos,
792 2203 867 2255 furto
884 2201 1003 2255 laetatus
1020 2200 1102 2270 inani,

391 2279 506 2333 Distulit
522 2278 551 2331 in
570 2295 658 2333 seram
677 2278 821 2333 commissa
837 2278 943 2345 piacula
960 2279 1085 2331 mortem.

391 2356 524 2409 Continuo
543 2356 628 2409 sontis
646 2355 731 2408 ultrix
750 2354 870 2407 accincta
887 2352 994 2421 flagello
1204 2362 1241 2405 oro

391 2431 536 2500 Tisiphone
555 2432 646 2499 quatit
663 2431 803 2497 insultans,
824 2433 968 2496 torvosque
986 2427 1096 2481 sinistra

393 2509 537 2562 Intentans
554 2508 649 2575 anguis
667 2509 746 2560 vocat
764 2506 872 2573 agmina
889 2519 969 2557 saeva
987 2518 1117 2555 sororum.
1207 2547 1209 2550 .

391 2585 460 2637 Tum
478 2583 590 2638 demum
607 2583 750 2636 horrisono
769 2581 919 2635 stridentes
936 2578 1047 2632 cardine
1065 2594 1158 2633 sacrae

392 2660 554 2714 Panduntur
571 2663 674 2728 portae.
712 2658 815 2725 Cernis,
833 2656 957 2710 custodia
976 2655 1064 2725 qualis
1137 2725 1139 2729 .

392 2736 538 2790 Vestibula
557 2736 668 2790 sedeat?
689 2735 769 2789 facies
787 2750 858 2802 quae
876 2733 969 2786 limina
987 2733 1095 2787 servctl
1206 2744 1242 2787 575

392 2812 596 2881 Quinquaginta
614 2812 683 2865 atris
700 2812 816 2864 inmanis
832 2809 953 2863 hiatibus
972 2808 1070 2878 Hydra

392 2888 504 2942 Saevior
521 2888 595 2941 intus
613 2887 697 2941 habet
715 2886 817 2941 sedem.
853 2886 921 2938 Tum
940 2885 1072 2938 Tartarus
1090 2884 1149 2952 ipse

393 2965 442 3017 Bis
459 2967 537 3032 patet
554 2964 583 3016 in
600 2979 731 3032 praeceps
748 2966 856 3016 tantmn
874 2960 1020 3028 tenditque
1037 2958 1089 3013 sub
1106 2956 1225 3023 umbras,

393 3040 518 3104 Quantus
537 3039 574 3093 ad
591 3039 744 3093 aetherium
763 3036 830 3091 caeli
849 3039 992 3104 suspectus
1010 3033 1162 3102 Olympum.

394 3116 448 3170 Hic
466 3132 552 3183 genus
570 3115 713 3183 antiquum
731 3114 840 3179 Terrae,
858 3110 964 3163 Titania
980 3108 1074 3177 pubes,
1207 3122 1244 3160 sse

393 3192 520 3246 Fulmine
538 3191 638 3245 deiecti
655 3189 740 3243 fundo
758 3188 903 3242 volvuntur
919 3186 947 3238 in
964 3184 1026 3238 imo.

393 3268 450 3321 llic
467 3271 496 3321 et
515 3266 629 3320 Aloidas
647 3265 769 3334 geminos
786 3261 904 3315 inmania
921 3259 977 3314 vidi

392 3344 524 3413 Corpora,
542 3343 589 3410 qui
606 3341 730 3396 manibus
748 3354 877 3408 magnum
896 3335 1054 3392 rescindere
1070 3333 1183 3390 mhsm

390 3418 531 3485 adgressi)
549 3417 714 3487 superisque
732 3418 833 3473 Iovem
850 3414 1009 3472 detrudere
1022 3411 1133 3482 negtiis.

384 3490 448 3542 Vidi
463 3495 494 3545 et
510 3492 634 3549 crudelis
652 3494 775 3552 dantem
794 3494 955 3552 Salmonea
969 3504 1099 3565 poenae,
1174 3553 1183 3567 ⁸
1252 3487 1268 3522 Ἡ

364 3562 440 3615 D11112
458 3564 589 3624 damam
606 3571 690 3629 Iovis
709 3578 743 3631 et
763 3576 883 3633 sonitus
899 3574 1042 3631 imitatus
1061 3564 1202 3632 Oliffih‘l·
