3242 4159
647 523 724 571 AEN
726 523 833 573 EIDOS
849 524 919 575 LIB.
937 524 988 578 XI.
1195 534 1238 580 311

382 603 520 659 Succedat
537 619 647 672 pugnae
665 603 850 672 Troianosque
868 609 961 660 arceat
977 606 1054 661 urbe.

383 680 500 747 lamque
518 679 587 733 vale.
623 678 709 732 simul
725 678 768 732 his
787 679 869 733 dictis
886 681 1029 751 linquebat
1045 682 1172 754 habenas,

383 756 432 809 Ad
450 759 554 809 terram
572 772 626 808 non
645 758 741 823 sponte
759 755 853 809 fluens.
891 756 959 810 Tum
977 758 1079 825 frigida
1096 763 1157 813 toto

382 831 522 900 Paulatim
540 829 657 884 exsoluit
676 848 705 884 se
723 847 845 900 corpore,
864 831 994 901 lentaque
1012 834 1080 888 eolla

382 908 421 961 Iit
439 910 551 975 mptum
569 907 624 960 leto
641 908 733 975 posuit
751 911 842 975 eaput,
860 924 937 961 arma
955 909 1119 979 relinquens,
1202 927 1240 965 aso

384 984 507 1051 Vitaque
525 1000 586 1036 crim
603 982 708 1051 gemitu
725 983 797 1050 fugit
814 983 957 1050 indignata
975 985 1027 1038 sub
1044 986 1161 1040 umbras.
1269 992 1272 999 '

383 1062 454 1114 Tum
465 1075 531 1113 vcro
548 1059 686 1111 inmensus
705 1075 819 1127 surgens
837 1059 902 1112 ferit
920 1076 1002 1113 aurea
1020 1062 1121 1115 clamor

384 1135 498 1201 Sidera;
516 1133 623 1188 deiecta
641 1134 777 1187 crudescit
794 1151 886 1202 pugna
905 1136 1035 1203 Camilla3

387 1213 537 1265 lncrnrunt
554 1209 633 1263 densi
651 1210 732 1263 simul
750 1211 838 1263 omnis
856 1212 934 1279 copia
952 1212 1086 1268 Teucrum

385 1287 574 1355 Tyrrhenique
592 1286 677 1339 duces
695 1286 873 1354 Euandrique
892 1288 1016 1342 Arcades
1034 1289 1100 1343 alae.
1206 1306 1243 1344 aas

422 1364 463 1417 At
481 1362 588 1416 Triviae
606 1366 698 1415 custos
715 1362 876 1415 iamdudum
894 1363 922 1415 iu
941 1364 1079 1418 montibus
1098 1363 1166 1433 Opis

386 1439 456 1493 Alta
473 1438 552 1492 sedet
569 1438 689 1505 summis,
709 1441 870 1505 spectatque
887 1438 1015 1493 interrita
1031 1457 1145 1509 pugnas.

385 1516 481 1583 thue
498 1514 592 1583 procul
610 1514 702 1567 medio
719 1514 847 1566 iuvenum
865 1515 896 1567 in'
912 1515 1029 1570 clamore
1046 1516 1187 1570 furentum

386 1590 533 1658 Prospexit
550 1590 625 1644 tristi
643 1590 786 1642 multatam
805 1593 894 1643 morte
914 1590 1064 1659 Camillam,

386 1666 582 1734 Ingemuitque
599 1665 733 1733 deditque
750 1665 799 1718 has
818 1666 872 1718 imo
890 1671 1003 1735 pectore
1020 1684 1116 1721 voces:
1205 1682 1243 1721 oso

386 1743 452 1796 Heu
469 1742 590 1807 nimium,
608 1743 693 1809 virgo,
711 1742 825 1794 nimium
844 1742 954 1795 crudele
972 1743 1048 1797 luisti

386 1818 563 1887 Supplicium,
582 1819 710 1872 Teucros·
718 1821 815 1871 conata
832 1818 966 1873 lacessere
984 1819 1074 1874 bello!

386 1895 446 1948 Nec
462 1892 516 1947 tibi
534 1893 661 1948 desertae
678 1894 706 1946 in
724 1893 815 1946 dumis
833 1893 948 1947 coluisse
966 1895 1083 1948 Dianam

346 1973 351 1981 '
387 1969 503 2039 Profuit,
521 1972 570 2024 aut
587 1975 694 2024 nostras
712 1970 828 2022 humero
845 1969 962 2037 gessisse
981 1970 1103 2038 sagittas.

386 2045 450 2099 Non
467 2050 560 2100 tamen
576 2045 733 2100 indecorem
750 2050 799 2099 tna
817 2050 846 2099 te
863 2045 958 2113 regina
976 2046 1088 2115 reliquit
1206 2062 1242 2100 aas

386 2120 520 2176 Extrema
537 2123 591 2175 iam
608 2122 637 2175 in
654 2126 759 2187 mortc;
777 2138 867 2190 neque
884 2121 936 2175 hoc
954 2123 1012 2176 sine
1029 2123 1138 2176 nomine
1155 2122 1242 2176 letum

388 2198 443 2251 Per
460 2199 550 2265 gentis
568 2198 629 2265 erit,
649 2201 698 2251 aut
715 2199 816 2251 famam
834 2198 948 2265 patieris
966 2199 1078 2253 inultae.

386 2274 460 2327 Nam
477 2274 642 2342 quicumque
662 2277 741 2327 tuum
759 2275 871 2328 violavit
889 2274 999 2327 volnere
1017 2292 1121 2342 corpus,

387 2349 480 2403 Morte
497 2350 556 2403 luet
573 2350 679 2404 merita
718 2349 783 2402 Fuit
801 2350 897 2417 ingens
916 2354 1009 2402 monte
1028 2350 1078 2401 sub
1096 2350 1152 2403 alto

387 2425 473 2493 aegis
491 2426 627 2480 Dercenni
645 2431 756 2481 terreno
773 2442 807 2478 ex
826 2442 926 2492 aggere
944 2424 1055 2478 bustum
1205 2442 1242 2479 aso

387 2502 507 2570 Antiqui
524 2502 676 2569 Laurentis,
696 2517 835 2570 opacaque
853 2500 914 2553 ilice
932 2503 1053 2566 tectum;

387 2577 443 2631 Hie
460 2578 514 2631 dea
531 2595 561 2632 se
578 2579 696 2647 primunr
715 2576 812 2647 rapido
830 2576 1013 2646 pulcherrima
1030 2576 1092 2630 nisu

387 2653 468 2708 Sistit
486 2656 515 2707 et
533 2655 684 2707 Arruntem
703 2653 807 2707 tumulo
827 2652 982 2720 speculatur
999 2652 1034 2705 ab
1052 2654 1115 2707 alto.

387 2729 428 2782 Ut
445 2729 517 2783 vidit
533 2729 684 2796 fulgentem
703 2729 786 2782 armis
803 2745 835 2781 ac
853 2744 922 2781 vana
940 2731 1108 2794 tumentem3

386 2804 452 2871 Gur,
471 2804 568 2873 iuquit,
587 2806 710 2859 diversus
728 2804 808 2858 abisl
827 2803 880 2857 huc
898 2803 986 2872 dirige
1003 2822 1134 2874 gressum,
1206 2820 1243 2857 sss

389 2880 452 2933 linc
470 2880 593 2949 periture
610 2882 679 2948 veni,
697 2880 788 2949 capias
806 2882 838 2933 ut
856 2880 939 2947 digna
958 2880 1087 2933 Camillae

389 2956 523 3010 Praemia.
557 2956 634 3010 Tune
651 2957 735 3010 etiam
753 2956 817 3009 telis
835 2956 952 3008 moriere
970 2956 1095 3008 Dianacl

388 3030 475 3098 Dixit,
493 3034 522 3084 et
539 3034 636 3085 aurata
653 3031 789 3085 volucrem
808 3030 936 3083 Threissa
953 3030 1081 3096 sagittam

388 3106 568 3176 Deprompsit
583 3107 720 3175 pharetra,
739 3122 877 3174 cornuque
894 3104 999 3157 infensa
1016 3103 1143 3171 tetendit,

389 3183 426 3236 llt
444 3182 525 3236 duxit
542 3183 631 3251 longe,
649 3182 737 3235 donec
755 3186 867 3235 curvata
885 3180 990 3233 coirent
1205 3193 1242 3229 sao

388 3258 469 3313 Inter
486 3275 517 3313 se
534 3259 630 3327 capita,
648 3261 679 3312 et
695 3258 821 3311 manibus
839 3256 894 3309 iam
912 3258 1040 3322 tangeret
1058 3254 1159 3323 neqiris,

388 3333 480 3387 Laeva
498 3333 584 3387 aciem
601 3333 675 3401 feni,
694 3333 793 3386 dextra
810 3348 948 3400 nervoque
965 3330 1103 3399 papillam.

388 3409 535 3477 Extemplo
553 3409 600 3462 teli
618 3408 768 3463 stridorem
787 3424 926 3478 aurasque
944 3406 1072 3462 sonantis

377 3482 480 3535 Audiit
498 3499 552 3537 una
570 3486 692 3555 Arruns,
713 3486 867 3558 haesitque
884 3487 917 3540 in
935 3499 1058 3555 corpore
1073 3481 1203 3534 senum.

365 3554 452 3608 mum
465 3559 660 3627 efficientem
675 3563 746 3620 socii
761 3568 859 3637 atque
873 3568 1015 3621 extrema
1025 3556 1206 3630 gementem
1261 3549 1276 3583 ἓ
