3242 4159
512 516 697 567 mames
713 517 783 568 LIB.
801 518 856 569 ΙΙΙ.
1061 523 1107 572 129

342 598 410 664 ndo;
427 600 488 652 tum
504 614 558 652 vox
575 601 696 653 taetrum
714 598 776 654 dira
791 599 866 654 inter
883 598 1003 659 odorem

342 693 377 729 nn
395 675 423 728 in
441 690 550 728 secessu
567 673 648 743 longo
666 675 717 729 sub
734 692 803 745 rupe
820 680 924 745 cavata,

342 751 412 805 ribus
423 750 507 804 clausi
520 750 621 804 circum
633 754 721 820 atque.
727 751 903 808 horrentibus
914 753 1025 822 umbris,
1072 769 1109 809 mo

342 828 421 881 rimus
438 842 546 882 mensas
564 826 673 895 arisque
689 828 847 897 reponimus
864 830 970 898 ignem:

342 921 376 957 un
394 920 428 957 ex
447 902 556 957 diverso
573 902 641 957 caeli
659 904 799 973 caecisque
816 906 931 960 latebris

342 1000 348 1035 ι
366 996 465 1034 sonans
481 978 612 1048 praedam
630 979 747 1048 pedibus
764 982 940 1036 circumvolat
956 983 1040 1052 uncis,

342 1059 359 1111 t
377 1073 424 1110 ore
442 1056 535 1124 dapes.
570 1056 654 1110 Sociis
671 1060 743 1124 tunc,
762 1072 840 1111 arma
856 1063 1007 1128 capessant,

343 1175 349 1201 ‚
368 1137 398 1187 et
415 1132 475 1186 dira
492 1131 594 1185 bellum
612 1149 673 1187 cum
690 1137 772 1201 geute
789 1134 949 1201 gerendum.
1070 1150 1108 1191 ms

360 1225 438 1263 secus
456 1225 488 1262 ac
504 1208 571 1262 iussi
589 1208 700 1276 faciunt,
718 1212 863 1278 tectosque
880 1227 930 1278 per
946 1210 1060 1266 herbam

343 1288 412 1339 nunt
430 1301 509 1339 enses
526 1289 556 1339 et
574 1288 651 1340 senta
667 1285 782 1339 latentia
797 1285 926 1339 condunt.

347 1362 395 1415 ubi
413 1360 540 1430 delapsae
557 1361 676 1416 sonitum
693 1376 743 1429 per
760 1376 845 1414 curva
862 1360 965 1415 dedere

343 1456 359 1506 t,
377 1438 426 1492 dat
444 1439 551 1505 signum
569 1437 678 1506 specula
695 1436 820 1492 Misenus
837 1437 872 1491 ab
890 1436 947 1491 alta

350 1530 421 1568 cavo.
459 1513 598 1567 Invadunt
615 1513 688 1581 socii,
706 1516 736 1567 et
752 1529 824 1567 nova
839 1513 943 1583 proelia
959 1516 1106 1584 temptant,

343 1608 396 1645 snas
413 1591 502 1659 pelagi
519 1591 592 1644 ferro
608 1589 721 1646 foedare
737 1590 867 1645 volucres.
1070 1607 1106 1646 au
1124 1605 1131 1618 ⁸

343 1683 418 1735 neque
436 1667 491 1720 vim
508 1666 608 1735 plumis
625 1666 708 1718 ullam
725 1682 776 1720 nec
793 1667 905 1720 volnera
921 1669 1000 1734 tergo

343 1744 410 1811 lunt,
428 1742 565 1810 celerique
581 1742 647 1809 fuga
664 1740 715 1794 sub
733 1740 826 1795 sidera
842 1742 934 1809 lapsae

343 1836 404 1873 sam
422 1818 553 1887 praedam
571 1820 600 1872 et
617 1818 732 1884 vestigia
748 1816 830 1871 foeda
846 1818 1010 1886 relinquunt.

343 1913 364 1949 n
382 1893 519 1964 praecelsa
537 1895 661 1948 consedit
678 1910 746 1962 rupe
764 1892 891 1960 Celaeno,
1070 1909 1106 1949 reo

343 1988 356 2025 n
374 1975 457 2039 vates,
475 1971 632 2039 rumpitque
651 1971 719 2024 hanc
736 1972 848 2039 pectore
865 1985 972 2026 vocem:

343 2065 364 2101 m
382 2048 465 2101 etiam
482 2063 532 2115 pro
550 2046 634 2099 caede
652 2046 734 2100 boum
753 2045 904 2117 stratisque
921 2046 1048 2117 iuvencis,

343 2122 514 2190 edentiadae,
534 2122 671 2176 bellumne
688 2123 788 2177 inferre
805 2124 910 2193 paratis

343 2200 398 2254 ‚trio
417 2199 554 2268 Harpyias
571 2199 685 2252 insontis
703 2200 805 2268 pellere
822 2202 925 2267 regnol

343 2276 382 2330 ite
399 2291 465 2344 ergo
483 2275 579 2328 animis
597 2278 679 2343 atque
697 2276 763 2328 haec
781 2292 843 2329 mea
860 2276 936 2343 figite
954 2274 1036 2330 diota.
1069 2291 1106 2330 aso

352 2351 463 2406 Phoebo
480 2355 560 2420 pater
578 2352 757 2418 omnipotens,
774 2350 840 2403 mihi
861 2349 986 2403 Phoebus
1005 2351 1106 2418 Apollo

343 2427 406 2494 ixit,
424 2426 502 2480 vobis
520 2428 663 2480 Furiarum
681 2443 732 2493 ego
750 2442 878 2480 maxuma
894 2425 992 2493 pando.

343 2521 366 2557 m
384 2520 465 2557 cursu
482 2504 585 2572 petitis,
603 2504 746 2572 ventisque
764 2502 867 2556 vocatis

357 2579 473 2646 ltaliam,
492 2583 642 2648 portusque
659 2579 763 2632 intrare
780 2577 891 2643 licebit;

343 2671 383 2708 ron
400 2659 464 2709 aute
483 2656 576 2708 datam
594 2655 708 2723 cingetis
725 2654 866 2708 moenibus
883 2658 988 2723 urbem,
1069 2670 1106 2711 2⁵⁶

344 2779 345 2783 ,
363 2747 410 2784 vos
427 2731 487 2785 dira
503 2732 589 2785 fames
606 2735 771 2800 nostraeque
788 2730 887 2787 iniuria
902 2732 994 2787 caedis

344 2824 392 2861 »sas
410 2807 519 2875 subigat
536 2808 615 2861 malis
633 2809 776 2862 absumere
793 2824 909 2864 mensas.

359 2887 389 2937 et
406 2885 433 2937 in
452 2885 546 2937 silvam
565 2886 660 2953 pennis
679 2886 770 2939 ablata
787 2884 898 2953 refugit.

344 2960 395 3013 ciis
413 2961 504 3013 subita
521 2961 628 3029 gelidus
645 2961 790 3014 formidine
809 2962 919 3028 sanguis

344 3038 397 3101 uic;
415 3037 538 3090 cecidero
558 3038 647 3104 animi,
666 3054 716 3091 nec
733 3038 788 3090 iam
806 3037 922 3105 amplius
939 3033 1029 3098 alniis,
1070 3051 1106 3090 am

344 3112 401 3167 'otis
417 3113 598 3183 precibusque
615 3114 710 3167 iubent
727 3128 875 3180 exposcere
891 3126 994 3181 pacem,
1045 3117 1053 3128 “·

344 3188 413 3255 leae,
433 3206 479 3243 scu
498 3191 552 3243 sint
570 3190 646 3243 dirae
664 3191 852 3255 obscenaeque
869 3186 997 3239 volucres

344 3268 391 3319 ter
410 3266 543 3319 Anchises
561 3266 647 3334 passis
666 3266 701 3318 de
718 3264 800 3317 litore
817 3262 914 3330 palmis

344 3359 376 3395 na
394 3358 492 3410 magna
510 3344 595 3409 vocat,
613 3342 780 3408 meritosque
796 3337 892 3392 indicit
908 3337 1036 3390 honores:

344 3418 459 3471 obibete
475 3420 579 3484 nullm,-
598 3418 633 3484 di,
653 3417 739 3473 talem
757 3414 878 3472 avertite
894 3429 1002 3483 casum,
1077 3427 1119 3465 ms

344 3491 399 3542 cicli
414 3498 526 3547 servate
541 3494 620 3564 pios!
660 3496 733 3552 Tum
749 3496 839 3554 litore
854 3496 960 3551 limem

344 3579 371 3626 υ,
391 3582 588 3640 excussosque
605 3572 694 3632 iubet
712 3576 822 3636 laxare
836 3572 992 3634 rudentis.
