3242 4159
649 520 833 572 AENEIDOS
850 521 922 574 ΗΒ.
939 521 989 571 IV.
1196 524 1243 571 149

386 607 454 673 Ipse
469 604 539 658 haec
554 604 628 658 ferre
643 602 722 658 iubet
739 602 836 657 celeris
853 602 984 659 mandata
1000 620 1052 673 per
1068 618 1162 660 curas:
1208 616 1245 657 rm

387 681 461 745 Quid
479 680 578 734 struisl
597 682 645 734 aut
663 696 718 748 qua
736 696 784 749 spe
802 679 909 747 Libycis
926 681 995 734 teris
1012 682 1070 735 otia
1086 679 1185 735 terrici

386 757 416 812 Si
433 760 464 811 te
480 755 555 820 nulla
572 758 664 810 movet
681 758 822 809 tantarum
839 755 926 823 gloria
944 773 1037 811 rerum

386 833 415 887 N
417 850 448 888 ec
465 848 547 901 super
564 832 624 901 ipse
641 836 690 886 tua
707 831 810 885 moliris
828 830 910 886 laude
927 832 1056 901 laborem,

386 910 537 965 Asmnium
555 911 713 978 surgentem
731 911 761 962 et
778 924 841 977 spes
858 907 968 963 heredis
986 909 1039 963 Iuli

386 985 514 1054 Respice,
533 985 576 1039 cui
593 1000 708 1052 regnum
728 982 828 1037 Italiae
846 983 1024 1053 Romanaque
1040 984 1123 1041 tellus
1209 998 1247 1040 are

386 1061 538 1115 Debentur.
575 1059 634 1113 Tali
653 1059 790 1128 Cyllenius
806 1075 855 1113 cre
871 1059 979 1115 locutus

386 1136 514 1191 Mortalis
531 1135 605 1190 visus
622 1134 713 1189 medio
730 1151 855 1189 sermone
872 1135 992 1205 reliquit,

385 1212 426 1267 nt
443 1211 538 1281 procul
555 1212 584 1265 in
601 1215 712 1266 tenuem
730 1227 765 1266 ex
782 1210 867 1265 oculis
884 1212 994 1267 evanuit
1011 1228 1113 1267 auram.

423 1290 465 1343 At
482 1306 546 1344 vere
565 1289 675 1343 Aeneae
692 1290 805 1357 aspectu
822 1286 960 1342 obmutuit
977 1305 1079 1353 amens,

386 1366 579 1433 Arrectaeque
590 1365 704 1418 horrore
715 1379 818 1431 comae,
830 1366 859 1417 et
870 1380 924 1417 vox
934 1364 1056 1418 faucibus
1068 1364 1165 1418 haesit.
1210 1379 1247 1418 aec

387 1440 482 1497 Ardet
501 1440 577 1494 abire
593 1441 659 1508 iuga
676 1438 817 1507 dulcisque
834 1438 989 1508 relinquere
1005 1443 1101 1506 terras,

388 1517 542 1570 Attonitus·
553 1519 632 1571 tanto
649 1516 754 1570 monitu
770 1514 932 1583 inperioque
951 1515 1071 1569 deorum.

388 1592 455 1647 Heu
473 1592 542 1661 quid
558 1594 641 1662 agatl
660 1608 715 1660 quo
733 1607 805 1644 nunc
822 1591 946 1658 reginam
962 1590 1068 1645 ambire
1084 1594 1222 1644 furentem

388 1667 503 1723 Audeat
521 1666 633 1722 adfatu?
652 1683 722 1736 quae
739 1666 828 1735 prima
845 1668 958 1721 exordia
975 1668 1082 1722 sumatt
1164 1681 1172 1693 ’
1209 1663 1218 1681 “

388 1746 487 1812 Atque
499 1744 618 1797 animum
630 1759 702 1796 nunc
712 1743 766 1796 huc
777 1742 903 1811 celerem,
915 1760 987 1797 nunc
999 1742 1097 1796 dividit
1107 1743 1178 1804 illuc,
1209 1757 1246 1795 aar

388 1819 425 1873 In
443 1820 583 1887 partisque
601 1819 673 1888 rapit
690 1819 779 1872 varias
796 1834 901 1886 perque
918 1819 1009 1873 omnia
1025 1821 1124 1873 versat
1208 1879 1210 1886 ᾗ

388 1895 468 1950 Haec
486 1894 633 1949 alternanti
649 1894 740 1963 potior
757 1894 894 1949 sententia
911 1894 969 1948 visa
986 1898 1043 1949 est:

388 1970 537 2025 Mnesthea
555 1970 771 2040 Sergestumque
788 1973 868 2025 vocat
885 1970 1040 2038 fortemque
1058 1970 1205 2035 Serestum,

389 2046 512 2101 Classem
530 2049 627 2116 aptent
643 2047 721 2101 taciti
739 2046 879 2115 sociosque
897 2047 935 2101 ad
951 2047 1033 2101 litora
1049 2050 1154 2115 cogant,

390 2123 479 2178 Arma
495 2125 603 2192 parent,
620 2125 657 2191 et,
676 2139 747 2191 quae
764 2121 848 2175 rebus
866 2123 902 2176 sit
920 2138 1014 2176 caussa
1031 2122 1170 2190 novandis,
1213 2134 1250 2175 aee

389 2197 586 2263 Dissimulent3
602 2214 665 2272 ¹sese
682 2198 795 2266 interea,
814 2198 923 2266 quando
940 2202 1053 2267 optuma
1071 2197 1143 2251 Dido

389 2273 504 2328 Nesciat
521 2278 551 2328 et
568 2276 662 2327 tantos
680 2273 769 2342 rumpi
787 2290 842 2326 non
860 2277 953 2341 speret
970 2290 1085 2342 amores,

389 2349 601 2420 Temptaturum
619 2348 719 2417 aditus,
737 2352 767 2403 et
785 2365 856 2418 quae
873 2349 1031 2405 mollissima
1048 2348 1124 2404 fandi

389 2425 532 2495 Tempora,
551 2425 613 2495 quis
629 2424 711 2479 rebus
729 2425 829 2480 dexter
845 2425 949 2482 modus.
986 2424 1069 2480 Ocius
1086 2440 1180 2479 omnes

390 2501 503 2572 Inperie
519 2502 586 2556 laeti
602 2504 702 2571 parent
719 2518 751 2555 ac
766 2501 841 2556 iussa
857 2501 1001 2556 facessunt.
1085 2552 1087 2555 ,
1211 2514 1248 2553 aaa

426 2576 467 2631 At
485 2575 581 2644 regina
598 2575 771 2646 dolos—quis
788 2575 884 2631 lallare
901 2576 989 2645 possit
1006 2577 1142 2630 amantem
1150 2576 1195 2632 l-

390 2651 558 2720 Praesensit,
574 2656 720 2721 motusque
739 2651 848 2721 excepit
865 2652 954 2720 prima
969 2653 1085 2717 futuros,

390 2727 490 2783 Omnia
507 2732 569 2784 tuta
587 2729 694 2783 timens.
731 2728 836 2783 Eadem
854 2728 938 2797 impia
955 2728 1040 2783 rama
1057 2726 1160 2782 furenti

390 2804 499 2859 Detulit
517 2804 617 2859 armari
635 2804 748 2859 classem
766 2821 932 2874 cursumque
949 2804 1050 2874 parari.

390 2880 485 2935 Saevit
501 2880 580 2949 inops
598 2880 689 2948 animi,
707 2884 850 2950 totamque
868 2880 979 2934 incensa
995 2897 1046 2948 per
1062 2878 1159 2933 urbem
1212 2893 1249 2932 ³00

389 2955 552 3023 Bacchatur,
572 2956 659 3024 qualis
676 2958 819 3034 qommotis
837 2956 927 3011 excita
945 2956 1029 3010 sacris

390 3032 497 3101 Thyias,
514 3033 562 3086 ubi
579 3034 673 3088 audite
692 3033 835 3088 stimulant
852 3032 993 3088 trieterica
1010 3030 1118 3085 Baccho

390 3107 477 3176 Orgia
493 3111 698 3177 nocturnusque
715 3112 795 3163 vocat
813 3109 931 3162 clamore
950 3106 1105 3161 Cithaeron.

390 3184 513 3237 Tandem
531 3184 574 3237 his
593 3185 707 3238 Aenean
725 3184 870 3253 compellat
887 3183 998 3237 vocibus
1014 3182 1102 3235 ultro:

427 3259 606 3314 Dissimulare
625 3260 708 3313 etiam
726 3260 852 3329 sperasti,
869 3258 982 3328 perfide,
999 3260 1108 3311 tantum
1211 3272 1249 3312 eos

391 3335 477 3389 Posse
494 3336 579 3404 nefas,
596 3336 752 3406 tacitusque
768 3352 830 3391 mea
847 3333 983 3390 decedere
1000 3334 1094 3388 terrai

353 3405 356 3409 ’
390 3411 418 3465 N
421 3427 451 3465 ec
468 3414 498 3465 te
515 3414 610 3465 noster
625 3428 709 3483 amer,
727 3427 779 3467 nec
794 3412 826 3467 te
844 3410 913 3469 data
928 3410 1049 3467 dextera
1063 3414 1219 3477 quendam,

379 3484 443 3534 Nec
456 3486 592 3540 moritura
611 3489 690 3545 tenet
709 3490 820 3547 crudeli
837 3491 943 3549 funere
956 3487 1056 3545 nrum

370 3554 443 3611 Quin
462 3558 550 3613 etiam
567 3560 693 3621 tiberne
712 3569 827 3629 moliris
846 3571 952 3630 sidere
967 3568 1112 3628 elum-
