3242 4159
385 522 441 573 ’176
625 519 654 567 Ρ.
673 518 827 569 VERGILI
844 520 1008 572 MARONIS

395 601 546 668 Sideraque
564 616 689 653 emensae
707 600 828 673 ferimur,
846 603 913 657 dum
930 620 1074 671 permane
1091 623 1222 677 magnum

395 677 504 731 Italiam
522 675 662 743 sequimur
678 676 835 747 fugientem,
854 683 883 733 et
900 680 1034 734 volvimur
1051 683 1140 739 undis.

395 753 450 806 Hic
468 752 562 821 Erycis
578 753 647 806 fines
663 753 784 824 fraterni,
802 758 886 824 atque
902 756 1002 825 hospes
1020 757 1153 815 Acestes:
1175 749 1182 762 ⁹
1210 776 1245 817 oso

394 830 460 894 Quis
478 829 604 897 prohibet
622 846 713 882 muros
730 830 819 885 iacere
837 835 867 885 et
884 831 950 885 dare
968 832 1071 887 civibus
1088 836 1205 894 urbemi

393 904 417 956 O
435 906 526 974 patria
543 909 572 958 et
590 906 662 973 rapti
679 907 845 976 nequiquam
863 924 898 961 ex
915 908 994 962 hoste
1012 910 1141 981 Penates,

392 980 510 1035 Nullane
526 982 580 1034 iarn
600 981 696 1034 Troiae
714 982 841 1037 dicentur
858 983 981 1038 moenial
998 1001 1134 1055 nusquam

369 1091 371 1095 »
393 1056 545 1111 Hectoreos
563 1059 658 1127 amnis,
676 1057 818 1113 Xanthum
836 1064 865 1114 et
883 1061 1029 1129 Simoenta,
1046 1062 1168 1120 ridebo?

393 1132 465 1197 Quin
482 1136 555 1203 agite
573 1139 602 1189 et
619 1151 725 1209 mecum
742 1136 874 1190 infaustas
891 1138 999 1192 exurite
1015 1139 1123 1209 puppis.
1209 1154 1244 1195 aas

392 1207 419 1261 N
421 1225 465 1263 am
481 1211 548 1264 mihi
567 1211 736 1267 Cassandrae
753 1230 803 1281 per
822 1229 944 1267 somnum
961 1215 1031 1269 ratis
1048 1216 1139 1284 imago

393 1285 526 1341 Ardentis
545 1288 611 1342 dare
628 1290 686 1343 visa
702 1290 786 1345 faces:
811 1290 866 1344 Hic
884 1290 1008 1360 quaerite
1025 1291 1149 1359 lhoiam3

392 1361 447 1417 Hic
465 1364 560 1418 domus
578 1370 628 1434 est,
645 1366 742 1435 inquit,
759 1366 843 1421 vobis.
880 1367 940 1421 Iam
957 1370 1065 1437 tempus
1082 1369 1129 1437 agi
1145 1385 1197 1429 res,

391 1438 418 1491 N
420 1456 450 1493 oc
467 1442 552 1496 tantis
570 1459 646 1496 mora
663 1444 799 1513 prodigiis.
837 1446 879 1497 En
897 1446 1029 1513 quattuor
1045 1460 1110 1497 arae

391 1514 418 1567 N
420 1522 536 1585 eptuno;
557 1519 625 1573 deus
643 1520 701 1588 ipsc
718 1522 790 1575 faces
807 1522 981 1590 animumque
997 1519 1143 1573 ministrat.
1208 1532 1243 1573 olo

392 1592 470 1647 Haec
487 1612 639 1648 memorans
655 1596 743 1663 prima
759 1596 895 1650 infensum
913 1598 941 1650 ri
957 1596 1070 1665 corripit
1085 1595 1186 1662 ignem,

392 1671 560 1741 Sublataque
577 1673 670 1742 procul
688 1672 787 1726 dextra
803 1674 918 1727 connixa
935 1674 1067 1739 coruscat,

391 1745 429 1799 Ilt-
445 1750 516 1805 iacit.
553 1750 686 1806 Arrectae
703 1752 809 1803 mentes
827 1748 1035 1819 stupefactaque
1053 1745 1142 1800 corda'

391 1823 518 1881 Iliadum.
555 1827 610 1882 Hie
627 1843 713 1882 unae
731 1825 832 1893 multis,
849 1841 920 1894 quae
936 1838 1064 1896 maxuma
1079 1824 1158 1889 natu,

391 1898 489 1970 Pyrgq
507 1907 551 1958 tot
570 1903 671 1957 Priami
689 1904 814 1955 natorum
831 1900 1031 1972 regiavnutrix:
1207 1910 1243 1952 ola

391 1973 454 2030 Non
473 1979 560 2033 Beroe
577 1980 661 2047 vobis,
679 1996 734 2032 non
750 1979 817 2032 haec
835 1977 978 2045 Rhoeteia,
996 1980 1107 2041 matres,

391 2052 443 2107 nst
461 2053 569 2123 Dorycli
586 2056 718 2121 coniunx;
735 2055 820 2108 divini
837 2055 914 2122 signa
931 2053 1037 2107 decoris

392 2129 581 2199 Ardentisque
598 2135 692 2185 notate
710 2131 816 2196 oculos;
834 2132 882 2199 qui
899 2129 1012 2200 spiritus
1028 2127 1077 2196 illi,

392 2205 444 2269 Qui
461 2206 558 2273 voltus,
576 2208 703 2276 vocisque
721 2223 809 2275 sonus,
827 2208 870 2260 vol
887 2223 998 2274 gressus
1015 2203 1099 2259 eunti.

391 2281 457 2349 Ipsa
475 2287 583 2351 egomet
601 2283 705 2337 dudum
723 2282 830 2336 Beroen
849 2283 972 2351 digressa
988 2280 1088 2349 reliqui
1208 2293 1244 2335 seo

391 2359 520 2428 Aegram,
538 2357 734 2429 indignantem,
752 2359 801 2414 tali
820 2358 894 2429 quod
912 2359 969 2411 sola
985 2358 1094 2410 careret

390 2434 513 2505 Munere,
531 2455 581 2492 nec
598 2439 711 2492 meritos
731 2435 868 2491 Anchisae
885 2434 1000 2487 interret
1017 2431 1142 2486 honores.

358 2523 373 2544 ·
390 2510 469 2566 Hace
486 2513 574 2567 effata.
964 2536 966 2541 ·
1013 2540 1017 2546 ·

389 2588 430 2641 At
448 2593 550 2643 matres
566 2590 655 2657 primo
673 2590 815 2659 ancipites,
834 2587 972 2655 oculisque
989 2583 1115 2652 malignis

390 2664 544 2733 Ambiguae
562 2671 686 2734 spectaro
703 2670 778 2720 rates
795 2664 927 2718 miserum
944 2663 1018 2715 inter
1034 2674 1156 2715 amorem
1207 2674 1244 2716 ets

389 2738 546 2792 Praesentis
563 2743 657 2794 terrae
672 2742 792 2811 fatisque
809 2740 933 2795 vocantia
949 2754 1047 2806 regna:

389 2815 458 2869 Cum
477 2816 529 2869 dea
546 2832 575 2869 se
592 2817 703 2885 paribus
720 2834 770 2886 per
787 2817 892 2871 caelum
910 2816 1022 2869 sustulit
1039 2813 1090 2867 alis

390 2891 589 2963 lugentemque
605 2893 670 2960 fuga
688 2895 774 2949 secuit
792 2894 842 2947 suh
859 2893 978 2946 nubibus
990 2906 1091 2944 arcum,

387 2970 455 3024 'lum
473 2987 537 3025 vcro
555 2969 689 3025 attonitae
706 2971 834 3024 monstris
852 2974 985 3037 actaeque
1002 2967 1095 3021 furore

387 3047 572 3113 Conclamant,
589 3048 754 3117 rapiuntque
770 3047 838 3100 iocis
855 3044 1042 3115 penetralibus
1059 3043 1166 3111 ignem;
1206 3057 1243 3096 oso

386 3121 455 3179 Pars
473 3126 590 3195 spoliant
606 3141 674 3193 aras,
691 3123 816 3178 frondem
834 3139 866 3176 ac
883 3123 1002 3191 virgulta
1017 3121 1148 3185 facesque

386 3199 546 3257 Goniiciunt.
583 3204 662 3257 Furit
678 3202 797 3256 inmissis
815 3200 951 3254 Volcanus
967 3197 1082 3251 habenis

386 3276 517 3332 Transtra
533 3294 583 3347 per
601 3281 630 3330 et
647 3293 737 3331 remos
755 3281 783 3330 et
800 3277 888 3344 pietas
905 3275 996 3328 abiete
1013 3270 1119 3341 puppis

386 3352 412 3405 N
414 3354 506 3406 antius
526 3354 661 3408 Anchisae
679 3353 714 3406 ad
731 3351 868 3406 tumulum
885 3364 1040 3419 cuneosque
1057 3344 1162 3400 theatri

369 3428 506 3482 Incensas
518 3430 633 3500 perfert
651 3430 731 3487 navis
749 3428 893 3493 Eumelus,
909 3431 940 3482 et
954 3426 1012 3494 ipsi
1205 3432 1242 3472 mn

350 3500 529 3574 Respieiunt
548 3513 648 3568 atram
665 3511 697 3568 in
718 3510 821 3568 nimbo
837 3506 959 3563 volitare
974 3499 1108 3553 tartham
1130 3568 1136 3578 Ι

349 3571 461 3638 finiens
478 3589 512 3641 et
533 3590 697 3664 Ascanius,
719 3604 831 3649 cursus
846 3588 884 3642 ut
899 3582 1000 3638 laeua
1017 3571 1162 3640 wilm
