3242 4159
385 535 417 582 60
623 532 653 582 P.
671 531 825 581 VERGILI
842 530 1009 582 MARONIS

382 612 496 669 Vellera
513 616 654 668 mutentur
672 613 766 680 Tyrios
784 612 890 666 incocta
906 612 1036 667 ruborest

382 688 500 743 Densior
516 690 580 743 hinc
598 688 714 756 suboles,
732 689 795 742 hinc
813 688 883 755 largi
901 690 978 756 eopia
996 688 1092 755 lactis;

383 766 471 830 Quam
488 766 575 833 magis
594 764 728 818 exhausto
747 765 916 832 spumaverit
932 765 1018 819 ubere
1035 766 1161 834 mulclra,

382 841 469 895 Laeta
486 842 573 908 magis
590 841 691 909 pressis
709 840 861 893 manabunt
878 840 990 894 flumina
1006 843 1143 896 menimis.
1206 859 1242 899 alo

382 917 409 970 N
411 934 442 971 ec
458 918 549 971 minus
566 918 674 971 interea
693 916 793 969 barbas
810 916 962 985 incanaque
979 922 1073 971 menta

382 994 508 1063 Cinyphii
525 993 643 1047 tondent
660 992 731 1046 hirci
748 996 895 1061 saetasque
913 994 1046 1047 comantis

381 1069 470 1123 Usum
486 1070 514 1122 in
532 1071 685 1123 castrorum
703 1073 732 1123 eb
749 1069 857 1122 miseris
874 1069 1010 1122 velamina
1026 1070 1127 1124 nautis.

382 1145 535 1200 Pascuntur
552 1163 617 1199 vero
636 1146 717 1199 silvas
736 1149 765 1199 et
782 1162 888 1198 summa
906 1145 1010 1212 Lycaei,

382 1221 584 1290 Horreniisque
602 1222 684 1275 rubos
702 1226 732 1275 el
750 1221 866 1275 amantis
884 1221 970 1273 ardua
987 1221 1097 1287 dumos;
1204 1239 1240 1277 ³15

382 1298 477 1367 Atque
495 1298 571 1367 ipsae
588 1315 722 1352 memores
739 1297 857 1351 redeunt
875 1297 904 1350 in
921 1300 1002 1363 tecta,
1020 1314 1139 1365 suosque

381 1373 499 1443 Ducunt,
518 1378 547 1429 et
565 1375 679 1442 gravido
698 1376 829 1441 superant
845 1373 891 1426 rix
909 1373 995 1427 ubero
1013 1373 1104 1427 limen.

381 1449 455 1518 Ergo
472 1451 546 1504 omni
566 1451 657 1504 studio
674 1450 789 1517 glaciem
807 1452 958 1517 ventosque
976 1448 1079 1514 alvalis,

381 1527 441 1591 Quo
458 1528 548 1580 minor
565 1530 608 1580 esb
626 1526 679 1579 illis
697 1542 778 1579 curae
795 1526 919 1578 mortalis
937 1529 1053 1593 egestas,

381 1604 507 1672 Avertes,
525 1603 681 1672 victumque
699 1602 770 1655 feres
789 1605 818 1655 et
836 1602 930 1669 virgea
947 1602 1036 1655 laetus
1202 1618 1239 1657 aaa

381 1679 492 1748 Pabula,
510 1696 561 1733 nec
579 1682 638 1733 loha
657 1678 767 1733 claudes
787 1678 897 1731 faenilia
914 1678 1020 1732 bruma.

381 1757 423 1811 As
440 1774 505 1810 vero
523 1756 655 1825 Zephyris
673 1771 735 1809 cum
752 1754 826 1808 laeta
844 1754 1004 1807 vocantibus
1022 1758 1114 1809 aestas

381 1833 416 1886 In
434 1833 519 1886 sallus
536 1838 683 1901 utrumque
701 1847 814 1899 gregem
831 1834 916 1898 atque
934 1831 961 1884 in
979 1847 1082 1899 pascua
1097 1831 1202 1899 mittet,

380 1908 500 1962 Luciferi
517 1910 605 1977 primo
623 1926 685 1961 cum
703 1907 795 1960 sidere
812 1906 914 1974 frigida
931 1924 995 1960 rura
1050 1924 1053 1932 “

381 1984 538 2052 carpamus,
552 1984 618 2037 dum
629 2000 709 2036 mane
721 2000 828 2048 novum,
842 1983 908 2036 dum
919 1983 1043 2050 gramina
1053 1988 1161 2048 canent,
1200 1999 1238 2037 aaa

381 2058 418 2112 nt
435 2076 480 2113 ros
497 2060 526 2131 in
543 2062 639 2113 tenera
656 2059 748 2127 pecori
765 2058 939 2127 gratissimus
956 2058 1047 2113 herba

381 2134 458 2200 Inde,
475 2134 523 2187 ubi
541 2138 640 2203 quarta
658 2134 732 2187 sitim
751 2134 819 2188 caeli
836 2135 978 2202 collegerit
994 2134 1061 2189 hora

380 2210 419 2264 lh
436 2213 518 2265 cantu
536 2211 667 2280 querulae
684 2213 814 2278 rumpent
832 2210 946 2264 arbusta
962 2211 1079 2278 cicadae,

381 2287 429 2340 Ad
446 2290 545 2354 puteos
563 2289 611 2340 aut
628 2287 684 2341 alta
701 2303 800 2355 greges
818 2287 856 2339 ad
873 2290 970 2355 stagna
987 2286 1080 2341 iubeto

381 2362 545 2418 Currentem
562 2363 652 2431 ilignis
668 2368 764 2433 potare
782 2362 922 2417 canalibus
939 2363 1056 2427 undam;
1200 2377 1237 2417 sao

380 2440 512 2495 Aestibus
530 2444 559 2495 ab
576 2440 674 2493 mediis
692 2440 849 2493 umbrosam
867 2440 1012 2508 exquirere
1029 2438 1136 2505 vallem,

380 2516 472 2571 Sicubi
489 2525 588 2585 magna
606 2517 679 2572 Iovis
697 2517 811 2585 antiquo
828 2514 928 2569 robore
944 2530 1061 2583 quercus

380 2592 505 2660 Ingentis
522 2593 620 2646 tendat
636 2609 733 2660 ramos,
752 2595 800 2646 aul
819 2591 903 2646 sicubi
919 2592 1026 2658 nigrum

380 2667 492 2722 Ilicibus
509 2668 612 2722 crebris
630 2684 820 2721 sacraremus
838 2666 1080 2733 accubueram
1138 2694 1144 2704 ·

380 2743 449 2796 Tum
466 2744 556 2796 bonnis
574 2744 640 2796 dare
658 2759 752 2797 rursus
770 2761 864 2813 aquas,
884 2746 913 2797 et
930 2760 1042 2812 pascere
1059 2761 1156 2799 rursus
1199 2761 1238 2801 aas

380 2818 450 2872 Solis
467 2819 504 2872 ad
521 2835 652 2886 occasum,
670 2835 731 2872 cum
750 2819 865 2887 frigidus
882 2837 947 2874 aera
963 2836 1062 2887 vesper
1191 2827 1194 2832 '

380 2894 533 2964 Temperat,
551 2898 581 2949 et
599 2894 684 2948 salius
702 2896 792 2949 reficit
809 2896 865 2949 iam
883 2896 991 2949 roscida
1008 2895 1081 2964 luna,

379 2971 528 3041 Litoraque
545 2971 672 3040 alcyonea
691 2976 830 3040 resonant,
848 2972 1020 3027 acalanthida
1037 2972 1122 3026 dumi.

414 3048 487 3114 Quid
504 3047 556 3102 libi
574 3050 698 3116 pastores
717 3049 828 3117 Libyae,
846 3049 914 3118 quid
931 3065 1031 3118 pascua
1048 3065 1130 3103 versu

379 3123 540 3194 Prosequar,
559 3127 589 3178 eb
606 3125 676 3178 raris
694 3126 820 3180 habitata
837 3126 956 3195 mapalia
973 3124 1071 3179 iecbisl
1200 3143 1238 3182 aso

379 3200 465 3270 Saepe
483 3201 556 3256 diem
573 3205 737 3273 noctemque
755 3207 784 3259 et
801 3206 891 3258 totum
909 3205 944 3256 e'x
962 3201 1059 3255 ordine
1076 3216 1199 3257 mensem

378 3276 504 3332 Pascitur
521 3280 600 3348 iique
616 3297 700 3349 pecus
716 3281 798 3349 longa
815 3280 844 3334 in
862 3280 974 3334 deserta
991 3278 1050 3331 sine
1067 3277 1131 3332 ullis

378 3353 527 3422 Hospitiis:
544 3360 653 3411 tantum
670 3358 759 3426 campi
777 3358 856 3411 iacet.
891 3356 990 3409 Omnia
1009 3370 1101 3409 secum

361 3428 564 3487 Armentarins
579 3434 655 3489 Afer
671 3435 738 3505 agit,
758 3436 921 3503 lectumque
936 3432 1093 3496 Laremque

340 3497 497 3573 Ammo
516 3512 773 3586 Amyclaeumque
792 3528 896 3570 canem
912 3510 1101 3570 (lisanam.xm
1114 3508 1216 3569 phare-
