3242 4159
648 535 831 585 AENEIDOS
847 535 918 585 LIB.
940 536 1002 586 v11.
1214 536 1262 584 225

403 618 518 673 Venatu
535 634 685 684 nemorum,
702 618 780 672 duris
798 618 952 686 Aequicula
969 616 1080 686 glaebis.

404 693 518 749 Armati
535 698 638 748 terram
656 697 794 762 exercent,
813 709 977 763 semperque
994 693 1112 748 recentis

404 771 575 826 convectare
592 770 668 823 iuvat
685 770 802 837 praedas
819 774 849 824 et
867 771 958 825 rivere
975 773 1064 839 rapto.

441 846 512 911 Quin
530 849 559 900 et
577 845 718 899 Marruvia
735 847 810 901 venit
828 846 965 915 degente
984 844 1118 912 sacerdos,
1223 857 1260 901 755

404 922 516 979 Fronde
534 938 617 991 super
633 921 740 989 galeam
759 925 789 976 et
806 923 878 977 felici
896 926 1022 991 comptus
1040 921 1119 990 oliva,

403 998 539 1068 Archippi
556 998 630 1066 regis
647 998 738 1066 missu
756 998 921 1053 fortissimus
939 998 1053 1065 Umbro,

403 1074 525 1145 Vipereo
542 1073 637 1142 generi
654 1076 684 1127 et
701 1074 825 1142 graviter
842 1074 1010 1144 spirantibus
1027 1073 1122 1143 hydris

403 1150 541 1220 Spargere
558 1151 605 1219 qui
623 1166 731 1204 somnos
748 1155 886 1219 cantuque
903 1167 1040 1218 manuque
1057 1149 1170 1218 solebat,

402 1225 599 1295 Mulcebatque
616 1226 672 1279 iras
689 1230 718 1280 et
735 1242 843 1280 morsus
860 1230 922 1280 arte
938 1226 1054 1280 levabat.
1222 1237 1258 1280 755

402 1301 460 1355 Sed
477 1318 531 1356 non
550 1301 707 1355 Dardaniae
724 1301 855 1356 medicari
872 1302 992 1370 cuspidis
1010 1302 1095 1356 ictum

402 1378 519 1445 Evaluit,
538 1395 627 1446 neque
645 1394 707 1431 eum
725 1377 818 1432 iuvere
835 1378 864 1431 in
881 1378 991 1432 volnera
1008 1381 1104 1432 cantus

401 1454 548 1509 Somniieri
565 1457 595 1508 et
615 1454 712 1508 Marsis
730 1454 871 1522 quaesitae
887 1452 1025 1508 montibus
1042 1454 1152 1509 herbae.

401 1530 441 1585 'l'e
458 1546 555 1584 nemus
574 1530 731 1598 Anguitiae,
749 1529 838 1584 vitrea
854 1533 885 1585 te
903 1530 1021 1584 Fucinus
1038 1530 1120 1598 unda,

400 1606 440 1661 Te
456 1606 554 1675 liquidi
571 1606 670 1661 flevere
688 1606 770 1660 lacus.
1100 1607 1102 1609 ’
1217 1620 1255 1661 555

436 1682 503 1736 Ibat
519 1684 549 1736 et
567 1681 711 1751 Hippolyti
729 1680 821 1750 proles
837 1682 1018 1750 pulcherrima
1035 1681 1115 1750 bello,

398 1758 523 1827 Virbius,
539 1758 673 1827 insignem
692 1773 774 1827 quem
791 1761 881 1812 mater
899 1757 993 1811 Aricia
1010 1757 1093 1825 misit,

399 1834 538 1889 Eductum
557 1834 672 1902 Egeriae
689 1833 757 1888 lucis
774 1832 917 1887 humentia
934 1833 1036 1886 circum

399 1910 503 1978 Litora,
520 1910 628 1979 pinguis
638 1909 693 1964 ‘ubi
710 1912 740 1963 et
757 1908 898 1977 placabilis
915 1925 964 1962 ara
981 1907 1092 1963 Dianae.

399 1983 528 2056 Namque
544 1986 639 2041 ierunt
655 1986 728 2040 fama
749 1985 937 2055 Hippolytum,
956 1988 1103 2055 postquam
1123 1989 1185 2040 arte
1203 2003 1251 2040 no

469 2078 565 2118 vercae
848 2114 851 2120 ,
1214 2076 1251 2119 755

399 2137 540 2194 Occiderit
557 2128 715 2206 patriasque
732 2137 853 2206 explerit
870 2138 1001 2206 sanguine
1018 2153 1120 2206 poenas

399 2215 529 2269 Turbatis
546 2213 695 2268 distractus
712 2214 799 2283 equis,
817 2215 854 2268 ad
871 2215 963 2268 sidera
979 2230 1074 2268 rursus
1117 2209 1122 2214 ’

399 2291 535 2346 Aetheria
552 2293 581 2344 et
599 2306 712 2357 superas
729 2289 799 2343 caeli
815 2290 922 2343 venisse
939 2289 990 2344 sub
1007 2306 1095 2357 auras,

400 2367 526 2422 Paeoniis
543 2369 699 2420 revocatum
716 2365 808 2420 herbis
826 2368 856 2419 et
872 2381 966 2418 amore
984 2364 1095 2419 Dianae.

399 2443 470 2496 Tum
488 2443 571 2497 Pater
588 2442 767 2510 omnipotens,
784 2441 903 2510 aliquem
920 2440 1078 2508 indignatus
1094 2438 1130 2493 ab
1147 2441 1251 2496 umbris

398 2518 547 2574 Mortalem
564 2518 678 2572 infernis
696 2518 732 2572 ad
750 2518 853 2571 lumina
870 2532 984 2583 surgere
1001 2514 1082 2582 ritae,
1213 2532 1250 2571 771

399 2594 466 2664 Ipse
481 2598 650 2663 repertorem
667 2594 820 2648 medicinae
837 2592 900 2647 talis
916 2596 947 2646 et
964 2590 1032 2645 artis

399 2671 528 2726 Fulmine
546 2669 749 2738 Phoebigenam
768 2670 876 2738 Stygias
894 2668 1016 2722 detrusit
1032 2668 1069 2722 ad
1086 2668 1181 2724 undas.

398 2747 442 2801 At
459 2747 550 2801 Trivia
567 2746 749 2815 Hippolytum
767 2746 880 2799 secretis
896 2745 968 2799 alma
984 2744 1109 2800 recondit

398 2822 526 2889 Sedibus,
544 2825 574 2877 et
590 2821 725 2890 nymphae
744 2821 861 2890 Egeriae
879 2821 1037 2890 nemorique
1054 2821 1167 2890 relegat,
1215 2835 1251 2875 775

398 2898 479 2953 Solus
494 2898 543 2951 ubi
559 2898 588 2951 in
606 2898 679 2952 silvis
698 2896 778 2952 Italis
795 2898 922 2966 ignobilis
940 2913 1036 2951 aerum

397 2973 538 3043 Exigeret,
555 2991 690 3043 versoque
708 2974 756 3029 ubi
772 2975 883 3027 nomine
900 2972 1014 3027 Virbius
1031 2975 1112 3027 esset

397 3050 483 3105 Unde
500 3050 584 3104 etiam
602 3050 705 3120 templo
723 3050 830 3104 Triviae
847 3050 970 3118 lucisque
988 3049 1101 3101 sacratis

398 3125 569 3195 Cornipedes
587 3129 716 3180 arcentur
733 3125 804 3194 equi,
824 3124 899 3194 quod
916 3124 996 3178 litore
1014 3140 1124 3177 currum

397 3203 437 3257 Et
453 3202 578 3258 iuvenem
595 3202 725 3256 monstris
742 3201 834 3271 pavidi
852 3200 974 3254 effudere
991 3199 1111 3255 marinis.
1214 3214 1251 3255 755

397 3278 487 3334 Filius
505 3278 629 3334 ardentis
647 3277 722 3331 haud
740 3278 825 3331 setius
843 3292 962 3345 aequore
979 3275 1067 3343 campi

397 3353 555 3410 Exercebat
572 3370 658 3423 equos
675 3369 811 3421 curruque
828 3353 856 3406 in
874 3352 947 3406 bella
963 3350 1071 3405 ruebat.

429 3431 497 3495 Ipse
512 3429 588 3483 inter
600 3430 708 3497 primos
726 3429 887 3500 praestanti
903 3445 1024 3501 corpore
1037 3428 1157 3482 'luruus

387 3502 516 3555 Vertitur
531 3520 612 3558 arma
632 3509 742 3577 tenens,
763 3512 797 3566 et
814 3513 882 3568 into
898 3510 1015 3568 uertice
1034 3519 1127 3575 supra
1141 3501 1202 3554 essh-

370 3572 426 3624 0111'
442 3575 768 3644 turrecrematae
787 3589 881 3663 gaes
896 3590 967 3649 aaa
981 3585 1184 3647 eumaeum
1279 3573 1284 3587 ’
