3242 4159
624 521 807 571 AENEIDOS
824 519 893 571 LIB.
910 520 975 572 VII.
1189 523 1236 570 210

372 603 488 675 Stipitis
504 602 549 657 hic
565 602 672 671 gravidi
690 602 783 667 nodis;
803 601 878 669 quod
897 600 996 669 cuique
1013 600 1156 669 repertum

377 680 510 747 Rimanti,
527 679 614 733 telum
631 678 673 732 ira
689 678 762 731 iacit.
800 678 891 731 Vocat
908 676 1017 745 agmina
1034 675 1178 744 Tyrrhena,

376 755 571 823 (quadrifidam
591 770 722 824 quereum
741 753 836 807 cuneis
853 757 885 807 ut
901 753 974 807 forte
990 751 1092 806 coactis

377 831 537 900 Scindebat,
555 835 635 901 rapta
652 830 759 900 spirans
776 830 886 884 inmane
904 827 1000 882 securi.
1199 839 1237 880 510

378 913 422 963 At
440 924 522 963 saeva
539 924 555 960 c
572 907 688 975 speculis
706 908 815 974 tempus
832 904 887 958 dea
902 907 983 957 nacta
1000 901 1116 957 nocendi

380 985 481 1038 Ardua
497 986 573 1037 tecta
588 983 659 1051 petit
677 982 786 1049 stabuli,
805 984 835 1035 et
853 981 889 1034 de
906 979 1024 1034 eulmine
1041 995 1147 1033 summo

384 1059 524 1113 l'astorale
541 1058 616 1112 canit
633 1058 748 1126 signum,
766 1072 905 1126 cornuque
923 1072 1037 1110 recurvo

379 1138 541 1189 Tartaream
558 1133 679 1188 intendit
696 1150 797 1202 vocem,
815 1149 872 1201 qua
888 1131 1012 1202 protinus
1029 1147 1110 1186 omne

378 1210 556 1264 Contremuit
573 1225 668 1263 nemus
686 1212 715 1264 et
732 1209 816 1262 silvae
833 1208 976 1262 insonuere
993 1205 1161 1276 profundam
1199 1220 1237 1259 515

382 1285 483 1339 Audiit
500 1288 529 1339 et
546 1284 652 1339 Triviae
669 1283 748 1353 longe
766 1284 854 1349 lacus3
872 1283 960 1337 audiit
976 1283 1064 1336 amnia

379 1361 509 1415 Sulfurea
526 1362 585 1415 Nar
602 1360 680 1414 albus
698 1377 770 1429 aqua
785 1360 931 1428 fontesque
948 1358 1047 1425 Velini,
1076 1426 1079 1431 ι

379 1438 421 1491 Et
439 1437 565 1507 trepidae
582 1440 683 1491 matres
700 1453 826 1506 pressere
842 1436 879 1490 ad
896 1439 1010 1506 pectora
1026 1437 1112 1489 natos

380 1515 455 1567 Tum
472 1530 536 1567 vero
554 1513 591 1567 ad
608 1530 702 1567 vocem
719 1513 830 1581 celeres,
848 1529 903 1582 qua
919 1511 1019 1566 bucina
1036 1511 1143 1579 signum

381 1591 453 1644 Dira
469 1589 555 1656 dedit,
573 1590 661 1658 raptis
678 1593 841 1644 concurrunt
857 1588 979 1657 undique
996 1586 1060 1641 telis
1194 1601 1232 1641 500

384 1664 521 1719 Indomiti
539 1664 689 1733 agricolam
706 1681 756 1719 nce
773 1681 828 1718 non
845 1668 875 1718 et
891 1664 973 1718 Troia
989 1662 1076 1732 pubes

387 1741 508 1794 Ascanio
525 1741 655 1796 auxilium
673 1742 769 1795 castris
787 1740 903 1794 effimdit
920 1739 1030 1810 apertis.

385 1818 520 1871 Direxere
537 1816 615 1870 acies.
649 1817 712 1871 Non
730 1818 784 1870 iam
801 1816 951 1869 certamine
968 1812 1079 1883 agresti,

385 1892 535 1961 Stipitibus
551 1892 629 1948 duris
646 1893 736 1962 agItur
754 1891 900 1946 sudibusve
916 1890 1060 1960 praeustis,

387 1968 445 2024 Sed
463 1968 535 2023 ferro
553 1969 664 2039 ancipiti
682 1969 841 2036 decernunt,
858 1971 974 2037 atraque
991 1966 1047 2021 late
1199 1965 1237 2005 ⁶²⁵

390 2045 534 2100 Horrescit
550 2046 654 2100 strictis
671 2062 749 2114 seges
766 2044 885 2112 ensibus,
902 2060 1022 2114 aeraque
1038 2041 1145 2113 firlgent

388 2121 452 2175 Sole
469 2121 602 2189 lacessita,
620 2125 650 2176 et
666 2122 754 2176 lucem
772 2121 824 2175 sub
840 2121 934 2175 nubila
950 2121 1068 2175 iactant:

390 2198 503 2251 Fluctus
519 2198 560 2251 uti
576 2197 664 2265 primo
681 2198 771 2267 coepit
787 2214 850 2251 crim
867 2197 1006 2252 albescere
1022 2200 1112 2264 vento,

391 2272 526 2327 Paulatim
544 2288 603 2326 sese
620 2272 694 2326 tollit
710 2288 785 2326 maro
804 2276 833 2326 et
850 2272 933 2326 altius
950 2272 1038 2326 undas

394 2349 489 2417 Erigit,
505 2347 571 2402 inde
589 2348 644 2401 imo
661 2348 801 2416 consurgit
817 2347 854 2401 ad
872 2348 985 2402 aethera
1000 2347 1093 2401 fundo.
1201 2361 1239 2401 530

393 2425 446 2478 Hic
462 2423 567 2477 iuvenis
583 2423 699 2492 primam
716 2429 780 2477 ante
797 2423 883 2476 aciem
900 2422 1036 2476 stridente
1054 2422 1161 2490 sagitta,

393 2501 526 2554 Natorum
543 2499 655 2567 Tyrrhei
673 2500 763 2553 iuerat
781 2499 829 2567 qui
846 2514 997 2564 maxumus,
1015 2497 1104 2561 Almo,

390 2576 549 2641 ¹sternitum
565 2575 654 2629 haesit
671 2576 744 2629 enim
762 2575 814 2628 sub
831 2578 945 2643 gutture
962 2574 1058 2628 volnus
1075 2577 1105 2627 et
1121 2572 1193 2626 udae

394 2652 475 2706 Vocis
490 2653 546 2707 iter
562 2654 728 2720 tenuemque
745 2651 854 2705 inclusit
871 2650 1002 2719 sanguine
1019 2650 1111 2704 vitam

390 2731 513 2798 Corpora
529 2728 616 2781 multa
632 2728 721 2781 virum
737 2727 818 2793 eirca,
835 2727 980 2795 seniorque
997 2726 1136 2791 Galaesus,
1202 2740 1239 2779 5³5

392 2806 463 2858 lium
481 2803 541 2873 paci
559 2803 678 2857 medium
696 2820 726 2859 se
743 2803 830 2868 offert,
847 2803 1012 2859 iustissimus
1028 2819 1099 2858 unus

390 2880 445 2946 Qui
462 2880 514 2934 fuit
532 2880 716 2949 Ausoniisque
733 2880 797 2934 olim
816 2879 966 2934 ditissimus
983 2880 1069 2934 arvis:

390 2957 518 3026 Quinque
534 2972 632 3025 greges
649 2956 689 3009 illi
706 2955 863 3023 balantum,¹
873 2956 957 3023 quina
972 2955 1102 3010 redibant

391 3037 534 3101 Armenta,
552 3036 583 3087 et
599 3036 702 3087 terram
719 3035 830 3087 eentum
848 3031 975 3085 vertebat
992 3032 1096 3085 aratris

426 3110 521 3177 Atque
533 3124 566 3163 ea
577 3125 627 3179 per
637 3125 747 3178 campos
757 3124 844 3176 aequo
856 3108 923 3161 dum
934 3106 1025 3160 Marte
1036 3110 1177 3174 geruntur,
1204 3119 1241 3160 550

392 3184 522 3239 Promissi
538 3184 591 3239 dea
608 3185 680 3239 faeta
697 3187 802 3253 potens,
821 3182 868 3237 ubi
884 3182 1015 3250 sanguine
1032 3181 1133 3235 bellum

393 3260 498 3315 lmbuit
515 3264 544 3315 et
560 3261 666 3329 primae
683 3259 818 3314 commisit
834 3258 931 3312 funera
947 3273 1062 3327 pugnae,

391 3337 504 3391 Deserit
522 3336 693 3406 Hesperiam,
710 3338 740 3389 et
757 3334 825 3389 caeli
841 3350 972 3388 conseram
987 3348 1038 3402 per
1054 3348 1134 3387 auras

395 3416 523 3467 lunonem
542 3412 639 3468 victrix
656 3412 769 3467 adfatur
785 3428 853 3467 voce
870 3409 1010 3483 superbas

381 3490 430 3550 It'n
446 3487 572 3553 porrecta
572 3488 645 3581 'tibi'
664 3488 737 3546 bello
757 3489 907 3547 discordia
923 3488 1024 3555 151515,
