3242 4159
644 521 831 573 Anunmos
847 522 918 572 LIB.
936 523 988 573 XI.
1199 528 1245 575 sol

391 603 457 658 Non
475 603 529 658 erit
546 603 647 658 anxilio
663 602 742 656 nobis
762 603 878 658 Aetolus
896 607 926 658 et
943 602 1026 673 Arpi:
1080 643 1083 647 A

387 681 437 749 ‚At
454 679 598 747 Messapus
615 677 676 746 erit,
694 678 816 747 felixque
833 678 999 745 Tolumnius,
1017 682 1047 733 et
1065 697 1133 749 quoa

387 755 450 810 'not
463 755 556 825 populi
572 754 673 808 misere
690 753 789 819 duces;
806 770 857 808 nec
873 770 959 822 parva
976 758 1106 822 sequetur
1210 768 1247 808 tao

391 831 487 886 Gloria
504 830 624 883 delectos
642 829 721 883 Latio
739 834 768 883 et
787 829 971 889 Laurentibus
989 830 1071 897 agris.

391 906 445 960 Est
462 909 490 959 et
509 904 669 959 Volscorum
688 906 798 974 egregia
817 905 852 959 de
870 909 955 973 gente
973 906 1095 974 Camilla,

392 985 503 1051 Agmeu
520 998 604 1050 agens
621 982 743 1051 equitum
762 985 791 1036 et
808 981 931 1036 florentis
947 999 1011 1037 aere
1028 986 1158 1037 catervas.

392 1058 514 1123 Quodsi
532 1075 576 1111 me
592 1057 679 1111 solum
698 1056 794 1110 Teucri
811 1057 840 1110 in
858 1059 1007 1112 certamina
1024 1062 1147 1126 poscunt,

392 1134 483 1203 quue
500 1134 596 1204 placet,
614 1138 777 1202 tantumque
794 1133 874 1187 bonis
892 1135 1080 1188 communibus
1097 1135 1184 1204 obsto,
1208 1149 1244 1189 43⁵

390 1209 418 1263 N
420 1226 455 1263 on
472 1211 541 1264 adeo
558 1210 607 1264 has
625 1226 708 1263 exosa
725 1226 821 1263 manus
839 1209 963 1263 Victoria
980 1211 1058 1279 fugit,

391 1286 432 1340 Ut
450 1290 529 1339 tauta
546 1286 692 1354 quicquam
710 1303 759 1354 pro
778 1303 828 1354 spe
844 1289 982 1354 temptare
999 1302 1131 1340 recusem.

392 1360 444 1423 Ibo
462 1361 558 1414 animis
575 1364 677 1429 contra,
695 1362 739 1415 vel
756 1378 885 1429 magnum
903 1364 1028 1429 praestet
1046 1361 1174 1415 Achillen

390 1436 531 1505 Factaque
549 1437 663 1491 Volcani
680 1438 804 1491 manibus
822 1437 899 1506 paria
916 1437 1013 1490 induat
1028 1451 1105 1489 arma

390 1510 444 1565 llle
461 1512 535 1567 licet.
570 1513 656 1568 Vobis
675 1514 792 1568 animam
809 1513 879 1567 hanc
898 1529 1045 1582 soceroque
1064 1512 1163 1566 Latino
1207 1526 1243 1566 440

389 1587 498 1642 Turnus
516 1605 575 1658 ego,
591 1590 666 1644 haud
683 1591 731 1644 ulli
750 1593 873 1643 veterum
892 1590 995 1643 virtute
1012 1587 1156 1655 secundus,

389 1662 499 1719 Devovi.
536 1665 650 1719 “Solum
667 1668 777 1719 Aeneas
795 1664 895 1719 vocat.''
931 1665 968 1720 ut
985 1669 1065 1719 vocet
1082 1679 1145 1729 0r0;

388 1738 449 1793 Nec
468 1739 589 1794 Drances
607 1741 706 1811 potius,
724 1742 781 1795 sive
799 1744 843 1793 est
860 1740 929 1794 haec
944 1741 986 1794 ira
1004 1740 1127 1806 deorum,

388 1814 482 1869 Morte
499 1816 565 1885 luat,
583 1818 641 1871 sive
659 1820 704 1871 est
720 1817 808 1871 virtus
826 1819 855 1871 et
872 1816 968 1883 gloria,
986 1816 1074 1877 tollat.

424 1892 470 1945 Illi
488 1892 556 1947 haec
573 1892 646 1947 inter
664 1911 693 1947 se
712 1893 802 1947 dubiis
822 1891 957 1946 derebus
974 1891 1093 1960 agebant
1207 1904 1244 1944 sss

389 1968 551 2023 Certantes:
574 1973 667 2023 castra
685 1972 794 2023 Aeneas
812 1968 952 2037 aciemque
968 1967 1101 2023 movebat.

387 2041 511 2098 Nuntius
527 2044 633 2113 ingenti
649 2062 700 2113 per
717 2044 793 2112 regia
810 2046 885 2099 tecta
901 2045 1023 2117 tumultu

387 2116 460 2172 Ecce
477 2120 540 2186 mit
558 2121 717 2190 magnisque
735 2119 833 2174 urbem
849 2121 1002 2176 terroribus
1018 2121 1116 2191 inplet:

387 2193 544 2250 Instructos
561 2197 620 2251 acie
637 2196 764 2251 Tiberino
781 2214 798 2251 a
815 2197 927 2254 flumine
945 2198 1063 2253 Teucros

387 2270 610 2342 Tyrrhenamque
629 2273 739 2326 manum
756 2274 824 2329 totis
842 2274 1010 2329 descendere
1026 2273 1135 2341 campis.
1205 2286 1242 2327 4⁵0

387 2347 535 2417 Extemplo
553 2349 659 2403 turbati
675 2349 759 2403 animi
776 2365 961 2417 concussaque
979 2349 1050 2416 volgi

386 2422 512 2491 Pectora,
530 2427 559 2479 et
571 2429 700 2493 ,arrectae
719 2424 838 2479 stimulis
855 2423 930 2477 haud
947 2423 1074 2477 mollibus
1091 2422 1155 2477 irae.

387 2501 476 2552 Arma
492 2516 575 2554 manu
593 2501 695 2570 trepidi
713 2505 844 2570 poscunt;
861 2499 956 2554 fremit
973 2515 1049 2553 arma
1065 2498 1199 2567 iuventus,

385 2574 470 2628 Flent
486 2576 585 2630 maesti
601 2580 780 2646 mussantque
795 2579 896 2645 patres.
933 2575 988 2629 Hic
1003 2574 1124 2645 undique
1138 2575 1239 2630 clamor

388 2650 524 2705 Dissensu
540 2652 615 2705 vario
632 2669 747 2721 magnus
765 2669 794 2705 sc
811 2652 886 2706 tollit
903 2652 940 2706 ad
957 2667 1051 2706 auras:
1202 2667 1239 2707 455

388 2726 475 2781 Haud
493 2744 571 2782 secus
588 2732 672 2797 atque
693 2728 749 2781 alto
767 2728 795 2781 in
814 2728 874 2782 luca
893 2744 955 2781 cum
971 2728 1044 2781 forte
1060 2731 1186 2783 catervae

388 2800 546 2857 Consedere
564 2803 663 2872 avium,
681 2804 822 2873 piscosove
839 2820 920 2858 amne
939 2803 1064 2859 Padusae

384 2876 461 2931 Dant
478 2879 597 2933 sonitum
614 2881 689 2933 rauci
706 2897 757 2949 per
775 2883 872 2948 stagna
889 2879 1013 2949 loquacia
1029 2879 1109 2949 cycni.

385 2954 483 3022 Immo,
500 2955 546 3023 ait,
564 2973 581 3009 o
599 2955 679 3025 cives,
697 2960 807 3025 arrepto
826 2959 950 3025 tempore
968 2956 1081 3022 Turnus,

385 3029 483 3097 Cogite
501 3032 651 3099 concilium,
670 3035 699 3087 et
716 3049 810 3101 pacem
828 3032 940 3086 laudate
958 3031 1097 3085 sedentes:
1205 3046 1240 3084 sai

363 3105 433 3159 ‘Illi
450 3107 533 3160 armis
551 3108 579 3160 in
596 3124 682 3176 regna
699 3111 789 3161 ruant.
827 3109 853 3162 N
856 3124 886 3161 ec
903 3107 982 3176 plura
999 3105 1105 3158 locutus

384 3180 527 3250 Corripuit
545 3199 605 3238 sese
623 3187 653 3237 et
670 3185 751 3239 tectis
769 3185 841 3239 citus
859 3184 959 3237 extulit
976 3181 1046 3235 altis.

383 3256 434 3323 iu,
452 3256 563 3326 Voluse,
580 3260 681 3314 armari
699 3259 860 3315 Volscorum
879 3259 956 3313 edice
973 3254 1113 3325 maniplis:

383 3331 453 3401 Duc,
470 3333 518 3401 ait,
535 3337 565 3387 et
582 3335 707 3390 Rutulos.
742 3336 879 3406 Equitem,
897 3335 1048 3404 Messapus,
1066 3335 1095 3387 in
1111 3333 1202 3401 umis,

383 3408 423 3462 Itt
440 3425 500 3462 cum
517 3411 605 3465 fratrc
624 3412 716 3477 Coras,
735 3412 801 3467 latis
819 3411 971 3468 diliimdite
989 3410 1105 3479 campis
1215 3420 1255 3455 ees

372 3480 445 3532 Pars
460 3484 555 3538 aditus
574 3486 653 3543 urbis
669 3488 778 3560 firmet,
797 3491 950 3563 turrisque
966 3487 1121 3559 mpesseix

363 3553 473 3622 ow&
491 3573 550 3625 ΨΜ
567 3562 653 3634 iusso,
673 3582 796 3625 mecum
811 3585 924 3627 manns
942 3568 1058 3624 inierat
1074 3574 1172 3615 amu·
