3242 4159
648 532 726 582 AEN
727 533 833 583 EIDOS
848 533 920 583 LIB.
937 532 989 583 lX.
1199 538 1246 585 259

396 617 558 687 Increpuit3
581 620 706 687 seqnitur
723 622 833 690 elamor,
851 622 1011 691 caelumque
1027 623 1154 693 remugit.

395 694 565 750 Adcelerant
582 698 644 749 acta
660 698 765 766 pariter
782 698 923 752 testudine
941 699 1049 766 Volsei;
1210 716 1247 755 sos

394 771 433 824 m
451 772 538 825 fossas
555 771 659 839 inplere
677 776 775 840 parant
793 790 825 826 ac
842 774 944 827 vellere
961 775 1073 830 vallum.

394 846 538 910 Quaerunt
554 863 618 914 pars
636 847 750 913 aditum,
769 851 798 902 et
816 849 895 903 scalis
912 850 1060 906 ascendere
1077 867 1174 913 muros

394 922 456 986 Qua
472 940 535 976 rara
553 927 595 977 ost
612 924 683 978 acies
700 924 903 992 interlucetque
920 942 1020 980 corona

393 999 420 1052 N
422 1015 458 1051 on
475 1002 534 1052 tam
552 999 639 1065 spissa
656 1000 729 1054 viris
748 1007 751 1014 '
765 1000 893 1055 'Pelorum
910 1003 1050 1057 effundere
1068 1007 1163 1057 eontra

393 1074 483 1128 Omne
499 1091 587 1142 genus
605 1076 701 1129 Teucri
719 1093 751 1130 ae
769 1077 846 1131 duris
864 1078 1014 1133 detrudere
1031 1080 1126 1143 contis,
1207 1096 1244 1135 uo

394 1151 515 1206 Adsueti
532 1151 613 1220 lengo
631 1169 724 1206 muros
741 1153 891 1207 defendere
909 1154 989 1208 bello.
1207 1217 1209 1220 ,

392 1226 466 1280 Saxa
483 1243 592 1297 quoque
610 1227 711 1281 infesto
728 1208 875 1281 volvebant
891 1229 1020 1297 pondere,
1039 1230 1062 1283 si
1080 1246 1135 1299 qua

393 1302 510 1357 Possent
527 1305 629 1357 tectam
647 1303 733 1357 aciem
750 1320 937 1372 perrumpere,
954 1319 1016 1357 enm
1033 1308 1127 1359 tamen
1144 1309 1233 1361 omnis

392 1377 479 1431 Ilerre
496 1378 573 1432 iuvat
590 1377 686 1432 subter
703 1378 789 1433 densa
806 1380 947 1433 testudine
963 1395 1048 1433 casus.
1142 1402 1146 1427 1

391 1453 452 1507 Nec
469 1454 523 1507 iarn
541 1453 686 1508 sufficiunt.
720 1455 746 1507 N
747 1471 791 1507 aru
809 1471 865 1523 qua
881 1453 978 1522 globus
995 1455 1120 1510 imminet
1135 1457 1240 1525 ingens,

391 1528 534 1583 inmanem
552 1529 649 1584 'leucri
667 1530 766 1588 molem
783 1531 951 1598 volvuntque
967 1536 1113 1600 ruuntque,

390 1604 468 1668 Quae
486 1604 584 1659 stravit
602 1605 720 1659 Rutulos
738 1606 801 1673 late,
820 1622 1012 1675 armorumque
1029 1606 1142 1661 resolvit
1171 1631 1173 1635 ·

390 1680 528 1749 Tegmina
564 1681 623 1735 Neo
640 1685 737 1736 curant
754 1698 836 1735 oeeeo
853 1682 1020 1735 contendere
1037 1682 1128 1736 Marte

389 1756 519 1825 Amplius
537 1755 655 1811 audaces
674 1757 778 1825 Rutuli,
797 1757 847 1811 sed
864 1757 967 1825 pellere
984 1757 1054 1810 vallo

388 1831 543 1886 Missilibus
561 1836 675 1887 certant
1201 1850 1238 1889 sao

389 1908 475 1961 Parte
492 1906 546 1961 alia
562 1908 716 1962 horrendus
734 1909 794 1962 visu
812 1876 961 1975 quassabat
979 1908 1122 1963 Etruscam

388 1983 490 2036 Pinum
508 1986 537 2037 et
554 1983 697 2038 fumiferos
715 1984 798 2038 infert
817 1984 996 2038 Mezentius
987 1985 1074 2052 ignis3

389 2060 432 2112 At
450 2058 593 2127 Messapus
610 2075 712 2127 equum
731 2060 857 2128 domitor,
877 2060 1133 2130 Neptuniaproles,

387 2134 533 2188 Rescindit
549 2135 651 2188 vallum
669 2139 699 2188 et
716 2136 801 2189 scalas
819 2138 847 2189 in
865 2137 973 2190 moenia
988 2137 1084 2205 poscit.

423 2209 489 2277 Vos,
507 2227 523 2264 ο
543 2210 672 2279 Calliope,
691 2227 796 2279 precor,
816 2212 956 2280 adspirate
973 2213 1089 2278 canenti,
1198 2229 1235 2269 tas

386 2286 463 2350 Quas
480 2285 520 2339 ibi
537 2289 598 2341 turn
615 2286 689 2340 ferro
708 2291 823 2355 strages,
842 2303 913 2354 quae
929 2287 1026 2341 funera
1043 2288 1149 2342 'lurnus

385 2360 524 2428 Ediderit,
544 2378 626 2430 quem
644 2363 759 2431 quisque
777 2363 867 2415 virum
885 2361 1027 2416 demiserit
1045 2362 1132 2428 Oreos

384 2437 425 2491 Et
443 2453 549 2505 meeum
566 2437 685 2506 ingentis
702 2455 764 2492 oras
782 2437 900 2492 evolvite
917 2436 989 2491 belli.

383 2512 436 2583 [Et
454 2512 615 2567 meministis
633 2515 713 2583 enim,
731 2514 819 2581 divae,
837 2516 866 2567 et
883 2525 1035 2567 memorare
1051 2514 1188 2582 potestis]

421 2588 516 2642 Turris
534 2592 594 2643 erat
605 2593 684 2644 vasto
702 2593 830 2658 suspectu
848 2592 878 2643 et
894 2588 1024 2658 pontibus
1040 2589 1110 2657 altis,
1199 2606 1235 2646 sao

339 2728 345 2740 ,
384 2665 549 2733 Opportuna
565 2665 640 2729 loeo;
665 2666 777 2720 summis
795 2682 878 2735 quam
896 2664 1001 2719 viribus
1018 2681 1110 2721 omnes

383 2741 552 2809 Expugnare
571 2742 636 2795 Itali
655 2758 815 2811 summaque
833 2746 959 2796 evertere
976 2757 1058 2810 opum
1075 2742 1103 2797 vi

383 2816 543 2882 Certabant,
562 2816 645 2870 'l'roes
662 2820 757 2870 eontra
775 2817 925 2871 defendere
942 2817 1015 2871 saxis

384 2892 494 2960 Perque
512 2908 591 2946 cavas
609 2893 687 2946 densi
705 2892 761 2947 tela
777 2893 936 2962 intorquere
952 2894 1095 2948 fenestras.

383 2967 517 3036 Princeps
534 2968 678 3022 ardentem
696 2970 811 3023 coniecit
828 2968 955 3036 lampada
973 2968 1087 3036 Turnus,
1198 2986 1234 3025 aas

382 3042 421 3097 Ilt
439 3042 574 3096 flammam
592 3043 690 3097 adfixit
707 3043 746 3097 lat
734 3044 802 3108 teri;
825 3059 896 3112 quae
913 3042 1031 3111 plurima
1047 3009 1129 3097 vebte

383 3118 525 3187 Corripuit
543 3117 652 3173 tabulas
669 3122 700 3173 et
717 3086 842 3188 postibus
860 3118 949 3171 haesit
966 3117 1079 3172 adesis.-

381 3193 498 3248 Turbati
516 3195 657 3263 trepidare
672 3195 755 3261 intu's,
772 3195 929 3262 fmstraque
946 3193 1079 3246 malorum

383 3269 465 3323 Velle
483 3268 584 3339 fugam
620 3271 693 3324 Dum
712 3288 741 3325 se
759 3271 921 3339 glomerant,
940 3272 1069 3337 retroque
1087 3270 1215 3327 residunt

381 3344 417 3398 In
436 3348 551 3413 partem,
570 3361 640 3414 quae
658 3350 737 3414 peste
753 3349 837 3412 caret,
855 3348 915 3400 tum
933 3344 1055 3414 pondere
1073 3346 1160 3401 tonis
1196 3364 1234 3402 son

380 3419 533 3475 Procubuit
548 3421 648 3490 subito,
667 3425 697 3479 et
714 3422 824 3478 caelum
839 3424 923 3479 tonat
939 3436 1024 3475 omne
1037 3420 1166 3487 ireneus

369 3494 529 3548 Semineces
545 3496 585 3551 ad
603 3499 747 3571 ιειιιιιιι,Ι
739 3501 849 3558 inmani
865 3500 945 3557 mole
963 3500 1078 3564 secuta..

359 3565 527 3637 donarique
544 3575 606 3630 suis
626 3577 695 3633 telis
716 3585 750 3639 et
766 3585 902 3656 pectora
917 3580 1000 3638 dum
