3242 4159
380 525 428 575 148
603 520 634 571 P.
651 518 806 570 vnaeILI
823 519 991 571 MARONIS

380 603 490 659 Italiam
508 603 626 669 regeret,
644 617 732 669 genus
748 601 805 656 alto
823 618 840 657 a
857 604 991 672 sangnine
1007 604 1107 659 Teucri
1198 618 1230 663 etl

380 679 523 745 Proderet,
540 693 572 730 ac
590 679 681 731 totum
699 676 750 731 sub
768 677 844 746 leges
860 680 985 734 mitteret
1003 680 1107 736 orbem.

380 757 410 812 si
426 753 501 807 nulla
519 752 644 807 accendit
661 756 801 806 tantarum
819 755 907 824 gloria
923 772 1017 809 rerum

380 832 440 887 Nee
458 846 540 899 super
558 829 616 897 ipse
636 845 684 882 sua
702 827 815 883 molitur
831 831 914 892 laude
930 832 1062 900 laborem,

381 908 532 965 Ascanione
549 909 630 975 pater
649 904 786 959 Romanas
803 901 909 961 invidet
922 905 1021 965 'arcesl

381 984 454 1052 Quid
465 983 563 1037 struitl
577 985 626 1037 aut
638 997 694 1054 qua
706 998 762 1051 spe,
775 984 885 1038 inimica
902 986 1033 1055 ingente,
1044 992 1175 1051 moratur,
1202 1000 1248 1043 κε

380 1062 439 1116 Nec
455 1059 561 1129 prolem
580 1058 731 1115 Ausoniam
750 1064 778 1114 et
796 1061 909 1115 Lavinia
927 1065 1038 1133 respicit
1055 1066 1138 1119 arvei

380 1137 512 1205 Naviget:
532 1136 600 1191 hacc
617 1153 723 1190 summa
740 1140 799 1200 est;
816 1137 861 1191 hic
878 1140 966 1193 nostri
984 1135 1095 1193 nuntius
1113 1145 1181 1197 esto.

414 1214 535 1268 Dixerat.
573 1213 625 1267 Ille
642 1213 729 1283 patris
747 1215 839 1282 magni
856 1232 955 1287 parere
971 1216 1087 1285 parabat

384 1290 506 1359 loperio,
525 1293 554 1343 et
572 1291 690 1359 primum
710 1291 826 1361 pedibus
845 1292 943 1347 talaria
959 1295 1054 1361 nectit,

382 1368 483 1434 Aurea,
502 1383 572 1439 quae
592 1366 735 1421 sublimem
753 1369 803 1422 alis
822 1371 878 1423 sive
895 1387 1015 1438 aequora
1031 1386 1116 1439 supra
1204 1382 1239 1424 ese

381 1444 437 1498 Seu
454 1446 558 1498 terram
576 1443 670 1512 rapido
689 1445 794 1513 pariter
811 1462 873 1499 cum
892 1446 1001 1499 flamine
1019 1447 1144 1513 portante

381 1520 450 1574 'ium
468 1521 572 1587 virgam
591 1520 678 1589 capit;
698 1520 749 1574 hac
768 1522 871 1575 animas
889 1523 935 1576 ille
953 1524 1048 1575 evocat
1065 1520 1138 1575 Oreo

382 1596 520 1663 Pallentis,
539 1595 605 1649 alias
624 1595 675 1649 sub
694 1596 809 1652 Tartara
828 1598 919 1651 tristia
934 1596 1029 1666 mittit,

380 1672 438 1728 Dat
455 1689 563 1727 somnos
582 1672 741 1743 adimitque,
761 1678 791 1727 et
807 1675 909 1731 lumina
928 1679 1018 1730 morte
1035 1673 1165 1742 resignet

381 1750 435 1805 Illa
451 1750 540 1804 fretus
558 1751 616 1819 agit
635 1755 738 1818 ventos,
758 1754 788 1805 et
805 1752 919 1805 turbida
937 1753 1030 1805 tranat
1204 1764 1240 1803 aas

381 1826 408 1883 N
409 1826 496 1892 ubila;
515 1826 626 1897 iamque
644 1828 737 1883 volans
756 1828 861 1897 apicem
879 1832 908 1881 et
925 1827 1013 1881 latera
1030 1824 1118 1879 ardua
1134 1825 1224 1880 cernit

382 1904 505 1957 Atlantis
525 1904 595 1973 duri,
613 1904 718 1958 caelum
737 1903 784 1973 qui
802 1904 905 1957 vertice
923 1902 1009 1969 fulcit,
1057 1919 1060 1927 ’

382 1979 511 2048 Atlantis,
531 1980 650 2034 cinctum
669 1980 782 2033 adsidue
801 1980 844 2033 cui
862 1979 979 2033 nubibus
995 1979 1063 2032 atris

381 2054 530 2109 Piniferum
549 2059 632 2122 caput
650 2059 680 2110 et
697 2059 779 2109 vento
796 2056 921 2123 pulsatur
939 2057 969 2109 et
985 2053 1081 2121 imbri3

381 2132 437 2186 Nix
454 2132 583 2185 humeros
601 2131 692 2187 infusa
709 2132 795 2199 tegit3
814 2135 875 2186 tum
893 2132 1004 2186 flumina
1021 2136 1115 2186 mento
1204 2144 1241 2186 leo

383 2208 569 2277 Praecipitant
587 2208 666 2277 senis,
683 2211 713 2263 et
730 2208 817 2276 glacio
834 2210 907 2277 riget
924 2207 1037 2263 horrida
1052 2206 1149 2263 barba.

382 2284 436 2339 Hic
452 2284 570 2353 primum
588 2284 700 2354 paribus
719 2284 810 2339 nitens
829 2285 966 2354 Cyllenius
983 2284 1033 2339 alis

382 2361 526 2427 Constitit3
546 2361 608 2416 hinc
625 2363 685 2415 toto
703 2378 834 2431 praeceps
852 2378 881 2415 se
899 2377 1012 2430 corpore
1029 2357 1066 2412 ad
1082 2356 1172 2415 undas

381 2437 466 2506 Misit,
485 2438 528 2492 avi
546 2439 646 2507 similis,
665 2456 734 2508 qaae
752 2438 854 2491 circum
871 2438 959 2505 litora,
976 2436 1077 2490 circum

382 2514 504 2570 Piscosos
524 2515 647 2585 scopulos
665 2515 773 2568 humilis
791 2514 866 2568 volat
884 2529 1004 2582 aequora
1019 2511 1105 2567 iuxta.
1205 2524 1241 2563 aee

382 2590 466 2644 Haud
484 2592 564 2645 alitor
581 2594 671 2646 terras
690 2592 763 2646 inter
781 2590 940 2658 caelmnque
958 2587 1076 2655 volabat,

381 2661 461 2721 Litus
479 2684 622 2722 arenosum
642 2668 743 2737 Libyae
761 2672 914 2738 ventosque
932 2664 1043 2721 sedabat

382 2742 509 2797 Materno
527 2745 637 2797 veniens
656 2743 691 2797 ab
709 2761 759 2798 avo
780 2744 902 2811 Cyllenia
919 2742 1018 2813 proles.

381 2817 422 2872 Ut
439 2820 557 2889 primum
574 2820 653 2873 alatis
672 2819 766 2887 tetigit
784 2820 902 2889 magalia
919 2817 1028 2888 plantis,

382 2895 496 2949 Aenean
513 2895 675 2950 fundantem
694 2912 770 2949 arces
788 2913 821 2950 ac
839 2900 914 2950 tecta
931 2895 1079 2948 novantem
1205 2902 1243 2943 eoo

382 2971 534 3042 Conspicit:
556 2976 640 3043 atque
657 2972 697 3025 illi
715 2973 842 3027 stellatus
859 2972 964 3042 iaspide
981 2969 1055 3026 fulva

382 3048 462 3102 llnsis
480 3053 548 3119 erat,
565 3050 700 3119 Tyrioque
718 3049 836 3104 ardebat
853 3049 957 3102 murice
973 3047 1053 3099 laena

381 3122 507 3180 Demissa
525 3144 559 3181 ex
576 3127 704 3196 humeris,
723 3127 798 3181 dives
817 3142 888 3195 quae
905 3139 1019 3178 munera
1036 3120 1110 3173 Dido

382 3199 498 3255 Fecerat
516 3206 545 3257 et
562 3204 638 3257 tenui
656 3204 727 3257 telas
744 3204 912 3257 discreverat
929 3216 1002 3254 auro.

383 3276 518 3334 Continuo
535 3279 652 3334 invadit:
674 3280 715 3334 vu
732 3296 803 3334 nunc
823 3276 1001 3345 Karthaginis
1019 3273 1092 3327 altae
1205 3284 1244 3326 θῶ

382 3351 576 3409 Fundamenta
592 3356 672 3424 locas,
690 3355 887 3425 pulchramque
904 3353 1016 3407 uxorius
1032 3350 1131 3403 urbem

370 3426 522 3486 Exstruisl
535 3430 593 3488 heu
610 3433 690 3504 regni
707 3450 861 3504 rerumque
878 3430 966 3486 oblite
982 3429 1112 3481 tuarum&

354 3500 427 3569 Ilm
443 3506 530 3565 deum
552 3510 608 3566 tibi
623 3530 675 3569 me
693 3514 773 3570 claro
791 3509 924 3567 demittit
942 3506 1064 3575 olympo

346 3571 505 3652 “mim
523 3588 642 3659 eaelum
663 3595 697 3649 et
715 3596 818 3648 terras
837 3586 891 3657 qm
907 3582 1032 3650 numine
1047 3568 1188 3634 meuses,
