3242 4159
341 621 459 686 Aeneas,
477 615 553 672 tristi
570 617 699 672 turbatus
717 620 830 685 pectora
848 615 927 683 bello,

341 695 489 749 Procubuit
507 710 652 761 seramque
670 692 749 748 dedit
766 710 816 761 per
833 693 957 746 membra
973 695 1107 763 quietem.
1173 709 1196 750 aa

342 772 415 825 Iluic
433 771 501 825 dens
519 772 578 839 ipse
595 770 647 823 loci
665 769 747 822 fluvio
766 770 908 823 Tiberinus
925 785 1039 825 amoeno

342 847 476 917 Populeas
494 848 568 901 inter
586 846 677 899 senior
694 862 724 900 sc
742 845 870 898 attollere
887 845 999 900 frondes

341 924 441 990 Visus3
465 940 528 978 eum
547 923 638 977 tenuis
655 922 751 989 glauco
770 921 880 976 velabat
897 922 999 975 amictu

342 999 485 1066 Garbasus,
504 1002 533 1053 et
551 999 635 1052 erinis
652 998 782 1052 umbrosa
799 996 913 1066 tegebat
930 998 1052 1067 arnnd03

341 1076 409 1150 Tum
427 1077 465 1129 sic
483 1076 571 1129 adfari
589 1077 618 1128 et
636 1091 715 1128 curas
733 1074 776 1128 his
795 1074 909 1129 demere
926 1074 1022 1129 dietis:
1173 1091 1196 1131 aa

376 1152 399 1205 Ο
418 1156 478 1206 sate
495 1155 579 1219 gente
597 1150 687 1219 deum,
706 1151 851 1204 Troianam
869 1167 905 1204 ex
922 1150 1047 1205 hostibus
1064 1151 1163 1207 urbem

341 1227 394 1291 Qui
412 1229 520 1283 revehis
537 1228 617 1282 nobis
635 1230 803 1296 aeternaque
823 1228 958 1295 Pergama
975 1244 1075 1295 servas,

341 1304 507 1373 Exspectate
526 1305 583 1359 solo
601 1304 733 1358 Laurenti
752 1303 879 1371 arvisque
897 1303 1011 1371 Latinis,

341 1380 396 1434 Hic
413 1381 465 1436 tibi
484 1385 560 1435 certa
578 1381 684 1448 domus,
701 1381 777 1445 certi,
795 1396 830 1433 ne
849 1379 959 1447 absiste,
978 1380 1113 1448 Penatcs;
1149 1382 1154 1391 '

340 1455 367 1511 N
369 1474 404 1511 eu
421 1456 486 1511 belli
504 1461 610 1511 terrere
627 1456 723 1522 minis3
742 1458 836 1509 tumor
853 1454 941 1508 omnis
958 1458 988 1510 et
1004 1456 1062 1510 irae
1171 1472 1196 1511 so

341 1533 506 1587 Concessere
524 1534 615 1587 deum.

341 1609 456 1678 Iamque
473 1610 532 1675 tibi,
551 1625 586 1662 nc
604 1625 674 1663 vana
691 1612 773 1677 putes
790 1609 860 1663 haec
877 1608 982 1676 fingere
999 1624 1133 1677 somnum,

340 1684 461 1739 Litereis
477 1685 575 1753 ingens
592 1685 703 1739 inventa
721 1684 771 1737 sub
790 1684 897 1739 ilicibus
915 1701 970 1753 aus,

340 1760 465 1829 Triginta
482 1760 603 1831 capitum
620 1761 695 1815 fetus
712 1759 800 1828 enisa,
818 1759 928 1830 iacebit,

342 1836 422 1904 Alba,
442 1838 499 1892 solo
517 1838 659 1904 recubans,
677 1835 733 1891 albi
751 1836 853 1890 circum
870 1836 958 1891 ubera
973 1836 1040 1892 nati.
1170 1852 1196 1895 la
1265 1859 1269 1865 ·

340 1912 396 1967 Hie
412 1914 488 1968 locus
505 1912 582 1983 prbis
600 1913 661 1979 erit,
680 1912 789 1980 requies
807 1928 841 1966 ea
858 1916 934 1967 certa
950 1912 1083 1983 laborum,
1279 1920 1288 2130 ι

342 542 388 585 ΖΔο
573 537 603 585 P.
622 535 777 585 vnRGILI
794 536 962 599 MARONIS
1126 526 1131 538 ’
1259 450 1278 738 Ι

340 1988 384 2041 lix
403 2005 457 2058 quo
475 1994 520 2043 ter
538 1989 616 2043 denis
634 1988 730 2042 urbem
748 1987 930 2043 redeuntibus
947 1988 1025 2043 sunm

339 2064 474 2118 Ascanius
491 2064 557 2118 clari
575 2064 676 2118 condet
693 2063 861 2130 cognominis
880 2063 989 2119 Albam.

339 2139 425 2193 llaud
441 2140 546 2193 incerta
564 2156 638 2193 cano.
675 2138 701 2191 N
704 2155 756 2191 une
775 2156 830 2208 qua
846 2140 962 2209 rationo,
979 2139 1055 2209 quod
1072 2140 1167 2211 instat,

338 2214 477 2285 Expedias
494 2215 588 2282 victor,
606 2214 708 2283 paucis,
727 2215 849 2283 adverto,
869 2215 980 2270 docebo.
1171 2231 1196 2272 ea

339 2292 465 2346 Arcades
482 2291 525 2346 his
543 2291 604 2359 oris,
622 2307 709 2359 genus
728 2308 744 2344 a
762 2291 888 2347 Pallante
904 2293 1066 2362 proiectum,

338 2368 391 2431 Qui
409 2385 503 2437 regem
522 2367 681 2421 Euandrum
699 2367 821 2435 comites,
839 2367 888 2436 qui
907 2367 985 2436 signa
1002 2368 1099 2438 secuti,
1208 2397 1225 2411 x

338 2443 473 2514 Delegers
490 2446 578 2499 lecum
597 2447 626 2497 et
643 2460 759 2513 posuere
777 2443 805 2496 iu
824 2444 963 2497 montibus
980 2444 1079 2499 urbem

338 2519 470 2575 Pallantis
488 2521 581 2590 proavi
599 2520 635 2573 de
654 2520 762 2572 noniine
782 2518 962 2573 Pallanteum.

338 2595 378 2649 Hi
394 2596 498 2650 bellum
516 2595 630 2649 adsidue
649 2595 753 2648 ducunt
771 2611 833 2648 cum
850 2598 934 2663 gente
953 2594 1068 2661 Latina;
1169 2611 1196 2651 aa

338 2670 398 2724 Hos
416 2673 512 2725 castris
530 2671 631 2724 adhibe
648 2672 742 2737 socios,
761 2674 790 2724 et
807 2669 919 2725 foedera
936 2671 1026 2740 iunge.

338 2747 403 2815 Ipse
420 2763 471 2814 ego
491 2751 518 2801 te
535 2747 602 2814 ripis
620 2750 649 2799 et
667 2749 742 2800 recto
760 2746 872 2800 flumine
889 2746 996 2815 ducam,

338 2822 495 2876 Adversum
513 2822 595 2875 remis
613 2838 727 2890 superes
746 2822 892 2876 subvectus
910 2825 943 2876 ut
960 2838 1075 2876 amnem.

338 2897 427 2966 Surge
445 2914 504 2966 age,
522 2901 587 2951 nate
606 2897 666 2964 dea,
684 2898 835 2966 primisque
852 2897 1014 2952 cadentibus
1031 2897 1115 2953 astris

337 2973 437 3028 Iunoni
455 2974 498 3027 fer
515 2974 569 3027 rite
586 2990 690 3042 preces,
708 2972 834 3041 iramque
853 2974 995 3043 minasque
1169 2991 1196 3031 oa

337 3051 511 3121 Supplicibus
529 3050 725 3119 superauctis.
763 3049 833 3102 Mihi
852 3049 940 3103 victor
957 3050 1088 3105 honorem

338 3127 488 3181 Persolves.
525 3127 584 3194 Ego
602 3142 669 3193 sum,
687 3126 768 3194 pleno
786 3142 869 3193 quem
886 3125 998 3180 flumine
1015 3125 1105 3180 cernis

337 3202 523 3271 stringentem
541 3203 615 3270 ripas
634 3204 663 3255 et
680 3201 792 3269 pinguia
809 3201 883 3254 culta
900 3204 1046 3269 secantem,

338 3277 484 3331 Caeruleus
503 3278 627 3346 Thybris,
645 3276 720 3331 caele
737 3276 909 3344 gratissimus
926 3276 1020 3331 amnis.
1145 3317 1150 3324 .
1284 3280 1296 3320 l

329 3352 391 3405 Hic
406 3353 474 3406 mihi
491 3370 592 3422 magna
610 3354 716 3421 domus,
734 3352 813 3407 celsis
831 3355 914 3420 eaput
931 3351 1053 3421 urbibus,
1071 3355 1139 3410 exit.
1167 3369 1195 3410 ω
1289 3330 1296 3496 Ι

348 3427 438 3496 Dinia,
462 3431 569 3488 deinde
587 3432 653 3490 lacu
673 3431 788 3489 Fluvios
807 3445 840 3485 se
857 3427 983 3484 condidit
997 3428 1065 3492 aba,

327 3515 363 3555 ηδ
378 3510 509 3577 petens,
533 3529 595 3569 nox
616 3516 748 3570 Aenean
767 3520 947 3575 somnusque
960 3500 1089 3567 tamin

327 3578 394 3652 ”effi
414 3589 459 3656 08,
481 3590 614 3652 aetherii
636 3596 783 3668 spectans
802 3583 936 3667 orientia
949 3576 1030 3635 saus
