3242 4159
391 513 426 565 76.
628 511 657 570 Ρ,
677 512 834 561 VERGILI
850 514 1021 565 MARONIS
1049 539 1057 552 ,

392 596 474 664 Aque
492 594 568 649 Chao
587 593 686 647 densos
705 593 796 647 divom
814 596 977 650 numerabat
994 613 1110 654 amem.
1162 624 1164 628 v

392 671 519 723 Carmine
537 686 590 737 que
608 672 704 736 captae
723 668 788 722 dum
806 671 874 723 fusis
892 671 984 725 mollia
1001 690 1089 741 pensa

392 746 552 811 Devolvunt,
570 746 671 798 iterum
689 748 828 799 maternas
845 747 945 815 inpulit
964 749 1039 803 auris

391 822 494 876 Luctus
513 820 643 888 Aristaei,
660 820 809 891 vitreisque
828 824 959 877 sedilibus
977 843 1071 879 omnes
1193 843 1257 898 2³⁵0

391 898 570 966 Obstipuere;
591 897 640 950 sed
659 901 723 951 ante
741 898 808 951 alias
829 901 968 953 Arethusa
987 917 1095 955 soreres

391 974 561 1043 Prospiciens
580 990 685 1028 summa
703 974 802 1028 flavum
820 979 904 1043 caput
922 976 1022 1029 extulit
1040 977 1122 1045 unda,

390 1050 427 1104 Et
444 1051 550 1119 procul:
571 1050 594 1103 Ο
613 1050 718 1117 gemitu
736 1067 789 1103 nen
807 1051 913 1105 frustra
930 1054 1064 1106 exterrita
1082 1058 1167 1121 tante,

390 1127 495 1195 Cyrene
514 1144 596 1193 seror,
616 1127 674 1193 ipse
692 1126 749 1194 tibi,
769 1130 817 1179 tua
834 1144 962 1181 maxuma
979 1145 1050 1195 eura,

390 1203 485 1257 Pristis
505 1203 647 1257 Aristaeus
667 1202 751 1256 Penei
769 1203 902 1271 genitoris
920 1204 957 1257 ad
974 1205 1076 1259 undam
1212 1224 1250 1264 aas

390 1278 452 1334 Stat
469 1280 619 1349 lacrimam,
638 1284 667 1333 et
685 1282 714 1333 te
731 1280 870 1333 crudelem
889 1280 998 1334 nemine
1018 1281 1093 1335 dicit.

389 1355 461 1409 Huic
479 1373 608 1425 percussa
626 1373 695 1409 nova
713 1359 835 1419 mentem
853 1355 997 1409 formidine
1016 1360 1114 1427 mater,

389 1432 456 1500 Due,
475 1450 532 1501 age,
552 1434 606 1485 due
624 1432 659 1484 ad
678 1448 742 1496 nos;
759 1432 801 1485 fas
819 1432 858 1484 illi
878 1431 973 1485 limina
992 1432 1084 1486 divom

388 1508 519 1577 Tangere,
538 1511 583 1563 ait.
620 1508 705 1561 Simul
724 1508 780 1561 alta
797 1508 876 1562 iubet
894 1508 1038 1563 discedere
1056 1510 1112 1564 late

388 1584 523 1653 Flumina,
539 1602 594 1653 qua
610 1584 714 1636 iuvenis
732 1599 842 1650 gressus
860 1584 982 1637 inferret.
1022 1586 1061 1639 At
1078 1586 1155 1640 illum
1208 1603 1247 1643 sec

387 1659 506 1715 Curiata
522 1663 551 1714 in
569 1659 670 1715 mentis
687 1659 784 1713 faciem
803 1659 985 1713 circumstetit
1001 1661 1078 1715 unda

388 1739 559 1808 AeccpItque
578 1739 637 1791 sinu
655 1740 732 1790 vaste
750 1737 881 1805 misitque
900 1738 950 1791 sub
968 1754 1087 1791 amnem.

387 1812 502 1883 Iamque
520 1815 631 1869 domum
649 1813 750 1866 mirans
768 1814 915 1881 genetricis
932 1817 961 1866 et
978 1811 1091 1867 humide
1107 1830 1196 1883 regua

386 1889 581 1958 speluncisque
599 1891 672 1943 lacus
690 1890 794 1942 clauses
812 1890 941 1957 lucesque
959 1890 1081 1943 sonantis

354 2016 357 2020 .
386 1964 457 2033 Ibat,
476 1969 505 2019 et
522 1967 627 2033 ingenti
644 1968 721 2018 metu
739 1965 909 2033 stupefactus
927 1982 1062 2034 aquarum
1206 1982 1245 2021 ses

386 2040 485 2095 Omnia
503 2042 553 2095 sub
571 2059 669 2109 magna
687 2041 807 2095 labentia
826 2042 938 2095 flumina
956 2045 1032 2095 terra

385 2117 533 2185 Spectabat
551 2117 660 2170 diversa
677 2118 749 2183 locis,
769 2118 941 2185 Phasimque,
960 2117 1126 2186 Lycumque,

385 2192 423 2246 Et
440 2196 529 2261 caput,
546 2192 621 2245 unde
639 2193 711 2246 altus
728 2194 847 2261 primum
866 2211 896 2247 se
914 2194 1032 2262 erumpit
1051 2194 1180 2264 Enipeus,

384 2268 467 2323 Unde
485 2272 565 2338 pater
584 2269 734 2337 Tiberinus,
754 2274 782 2323 ct
800 2272 874 2324 unde
894 2271 1001 2324 Aniena
1017 2269 1130 2339 fluenta,

379 2344 558 2416 ‚saxosusque
577 2362 673 2400 sonans
692 2346 823 2415 Hypanis,
842 2348 990 2415 Mysusque
1009 2345 1114 2413 Oaieirs,
1206 2364 1245 2404 aaa

384 2420 422 2476 Et
439 2424 546 2491 gemina
564 2427 675 2483 sumtus
693 2424 801 2476 taurino
819 2440 919 2476 cernua
936 2424 1012 2477 voltu

384 2497 526 2567 Eridanus,
546 2517 600 2570 que
617 2517 670 2553 nen
689 2500 756 2553 alius
773 2517 824 2568 per
841 2499 954 2569 pinguia
971 2499 1045 2553 culta

384 2574 418 2628 In
436 2592 510 2630 mare
527 2594 695 2646 purpureum
713 2577 858 2632 violentior
876 2576 963 2630 effluit
980 2576 1074 2630 amnis.
1223 2635 1231 2651 Ι,

383 2651 532 2720 Postquam
550 2656 593 2705 cst
610 2653 638 2704 in
656 2653 769 2706 thalami
786 2653 935 2721 pendentia
952 2651 1060 2720 pumice
1077 2652 1156 2705 tecta
1288 2708 1289 2713 ,

383 2724 557 2795 Perventum,
576 2731 605 2781 et
623 2730 681 2781 nati
700 2728 779 2780 fletus
798 2729 925 2795 cognovit
944 2730 1030 2782 inanis
1204 2742 1242 2782 ³75

383 2802 495 2870 Cyrene,
514 2804 638 2857 manibus
655 2802 774 2872 liquidos
793 2804 861 2857 dant
879 2805 975 2857 ordine
992 2804 1075 2858 fontis

383 2878 541 2945 Germanae,
559 2881 699 2947 tensisque
716 2880 809 2934 ferunt
827 2881 956 2934 mantelia
977 2880 1063 2945 villis3

383 2955 451 3009 Pars
468 2957 556 3025 epulis
574 2960 688 3009 onerant
706 2973 821 3025 mensas,
840 2960 869 3010 et
886 2958 967 3026 plena
984 2958 1121 3025 reponunt

382 3032 496 3099 Pecula;
516 3032 665 3087 Panchaeis
684 3034 844 3087 adolescunt
861 3033 971 3101 ignibus
989 3049 1068 3097 arae;

382 3108 420 3163 Et
436 3114 532 3178 mater,
552 3110 625 3177 Cape
644 3110 762 3163 Maeonii
780 3109 918 3163 carchesia
936 3108 1052 3163 Bacchi:
1201 3122 1241 3163 sse

382 3185 490 3240 Oceano
506 3187 630 3255 libemus,
647 3187 693 3241 ait.
730 3186 816 3240 Simul
835 3186 896 3254 ipsa
913 3188 1042 3254 precatur

381 3260 574 3333 Oceanumque
591 3267 698 3332 patrem
715 3278 807 3315 rerum
826 3262 1022 3330 Nymphasque
1041 3276 1158 3328 soreres,

382 3337 499 3392 Centum
517 3356 587 3408 quae
605 3340 693 3406 silvas,
712 3341 823 3392 eentum
841 3354 912 3406 quae
929 3337 1041 3389 flumina
1058 3338 1177 3389 servant.

374 3412 431 3463 Per
441 3414 551 3481 liquido
567 3416 713 3470 ardentem
731 3414 856 3485 perfudit
873 3417 983 3467 nectare
1001 3412 1124 3479 Vestam,

354 3482 413 3534 Per
425 3486 545 3543 flamma
561 3492 602 3547 ad
620 3510 766 3548 summum
785 3491 859 3548 tecti
877 3489 1004 3544 subiecta
1017 3485 1133 3538 retundit..
1202 3500 1248 3538 ssi

344 3551 444 3644 :omino
461 3576 525 3628 quo
541 3567 667 3626 armans
689 3572 823 3627 animum
843 3568 889 3624 sic
903 3563 1007 3631 incipit
1022 3560 1103 3627 ipsa:
