3242 4159
385 527 433 574 212
613 524 644 573 P.
664 523 820 574 VERGILI
836 523 1004 574 MARONIS

385 611 435 666 Dis
453 612 548 668 sedem
564 612 692 681 exiguam
709 612 806 682 patriis
823 612 946 681 litusque
961 628 1092 681 rogamm
1206 616 1209 621 '

386 687 535 741 Innocuam
548 692 578 742 et
589 689 693 742 cunctis
705 688 860 756 undamque
871 705 1021 756 auramque
1032 692 1186 758 patentem.
1201 704 1234 746 m

384 762 411 815 N
413 780 447 816 on
465 764 567 818 crimus
585 781 669 832 regno
686 764 835 831 indecores,
854 780 904 818 noc
921 768 1015 823 vestra
1031 765 1141 820 feretur

385 838 470 893 Fama
486 840 560 906 levis,
578 840 681 893 tantive
699 838 837 893 abolescet
853 840 943 907 gratia
958 840 1031 908 iacti,

383 915 443 969 Nec
462 915 569 968 Troiam
588 914 725 968 Ausonios
742 915 847 982 gremio
865 916 1005 983 excepisse
1021 916 1139 985 pigebit

383 989 454 1043 Fata
471 1007 521 1057 per
540 992 654 1043 Aeneae
670 990 731 1043 iuro
750 990 932 1059 dextramque
949 994 1102 1061 potentem,

384 1064 446 1118 Sive
463 1065 518 1118 fido
536 1082 584 1119 sen
602 1065 662 1133 quis
681 1065 752 1118 bcllo
771 1068 814 1120 est
831 1069 961 1133 expertus
977 1070 1008 1120 et
1025 1067 1123 1122 armis:
1204 1084 1237 1124 aa

383 1140 466 1194 Multi
484 1157 532 1193 nos
549 1142 649 1209 populi,
666 1140 840 1194 multae-nc
857 1144 956 1207 temne,
973 1142 1048 1211 quod
1065 1136 1142 1198 ultro

383 1214 567 1270 Praescrimus
584 1216 710 1270 manibus
728 1217 812 1270 vittas
829 1233 861 1270 ac
878 1216 963 1270 verba
979 1218 1160 1286 precantia-

382 1290 420 1345 th
437 1292 543 1362 petiere
562 1293 614 1347 sibi
632 1296 661 1346 et
679 1292 789 1346 voluere
806 1291 956 1360 adiungere
973 1296 1089 1360 gentes3

383 1368 440 1422 Sed
456 1385 505 1422 nos
522 1369 580 1423 fata
597 1369 679 1422 deum
697 1371 803 1422 vestras
820 1368 965 1436 exquirere
981 1372 1073 1422 terras

383 1444 500 1513 Inperiis
518 1461 599 1511 egero
617 1444 678 1498 suis.
716 1443 790 1497 Hinc
808 1443 953 1497 Dardanus
970 1447 1061 1509 ortus;

382 1520 446 1573 Huc
463 1521 566 1589 repetit
583 1520 719 1588 iussisque
735 1518 893 1586 ingentibus
909 1522 1009 1587 urguet
1027 1520 1130 1588 Apollo

382 1595 549 1664 Tyrrhenum
567 1596 603 1648 ad
621 1595 750 1662 Thybrim
768 1598 797 1648 et
815 1594 898 1649 fontis
915 1595 986 1649 vada
1003 1612 1082 1651 sacra
1099 1596 1215 1652 Numici

382 1671 439 1725 Dat
457 1671 508 1726 tibi
526 1674 670 1740 practerea
689 1671 828 1725 Fortunae
913 1688 930 1724 a
947 1670 1048 1739 prioris

381 1746 506 1815 Munera,
524 1747 652 1815 reliquias
671 1747 751 1800 Troia
768 1763 802 1800 ex
820 1686 935 1801 ffite
952 1751 1084 1815 receptas

382 1823 445 1877 Hoc
460 1828 541 1893 pater
559 1823 694 1877 Anchises
712 1839 777 1876 auro
795 1821 900 1876 libabat
917 1822 954 1875 ad
970 1838 1048 1888 aras3
1200 1840 1234 1880 aas

382 1898 444 1953 Hoc
463 1899 563 1952 Priami
580 1903 722 1967 gestamen
740 1902 807 1965 erat,
826 1914 889 1951 cum
906 1898 967 1951 iura
983 1898 1089 1954 vocatis

382 1972 460 2027 More
478 1973 557 2027 daret
575 1974 690 2043 populis,
709 1976 901 2041 sceptrumque
919 1987 1050 2041 sacerque
1067 1972 1155 2028 tiaras

382 2048 555 2117 Iliadumque
573 2048 650 2101 labor
667 2052 765 2103 vestes,

416 2123 525 2177 Talibus
545 2123 642 2177 Ilionei
661 2124 742 2177 dictis
760 2125 853 2179 defixa
870 2124 985 2179 Latinus

381 2198 490 2253 Obtutu
508 2202 587 2253 tenet
604 2215 660 2268 ora,
678 2200 791 2268 soloque
809 2200 945 2254 inmobilis
962 2200 1067 2268 haeret,
1197 2217 1231 2258 ιω

382 2276 509 2332 Intentos
527 2275 638 2329 volvens
656 2275 754 2329 oculos.
791 2276 850 2330 Nec
867 2292 990 2345 purpura
1005 2293 1102 2344 regem

381 2351 459 2407 Picta
475 2355 574 2418 movet,
591 2368 642 2406 nec
659 2354 768 2421 sceptra
786 2354 897 2405 movent
914 2350 1051 2405 Priameia
1068 2356 1186 2422 tantum,

381 2428 519 2493 Quantum
537 2427 566 2482 in
584 2427 716 2481 connubio
734 2431 816 2481 natae
833 2425 1008 2495 thalamoque
1025 2432 1166 2496 moratum

380 2503 418 2559 Et
434 2506 535 2559 veteris
554 2505 642 2559 llauni
660 2503 743 2557 volvit
761 2503 813 2557 sub
829 2507 941 2572 pectore
958 2506 1076 2558 sortem:

380 2580 463 2635 Hunc
480 2582 557 2634 illum
574 2580 637 2634 fatis
656 2584 770 2634 externa
787 2579 822 2633 ab
841 2578 907 2633 sede
924 2578 1077 2648 proiectum
1194 2595 1229 2635 π

380 2655 513 2710 Portcndi
530 2672 668 2723 generum,
685 2655 854 2725 paribusque
870 2654 899 2707 in
916 2670 1001 2722 regno
1018 2655 1109 2709 vocari

380 2732 532 2799 Auspiciis3
550 2731 613 2784 hinc
629 2731 787 2798 progeniem
805 2732 907 2785 virtute
923 2730 1044 2784 futuram

379 2806 532 2875 Egregium,
551 2809 580 2859 et
598 2809 687 2859 totum
706 2823 777 2874 quae
794 2807 897 2860 viribus
915 2809 1030 2875 occupet
1046 2804 1150 2862 orbem

379 2883 500 2937 Tandem
518 2882 606 2936 laetus
624 2882 675 2936 ait:
698 2882 733 2935 Di
750 2887 846 2937 nostra
862 2883 971 2950 incepta
988 2882 1141 2937 secundent

380 2960 588 3028 Auguriumque
600 2962 693 3012 suum!
710 2957 836 3026 Dabitur,
848 2958 971 3025 Troiane,
984 2957 1058 3026 quod
1070 2960 1157 3026 optas
1191 2974 1227 3013 aa

379 3035 495 3089 Munera
512 3051 562 3088 nec
580 3050 685 3103 sperno.
720 3034 746 3087 N
748 3051 784 3087 on
801 3034 884 3099 vobis,
901 3049 967 3101 rege
985 3033 1092 3100 Latino,

379 3111 478 3165 Divitis
494 3111 564 3165 uber
581 3111 640 3179 agri
658 3110 788 3165 Troiaeve
806 3110 945 3178 opulentia
962 3108 1058 3163 deerit.

380 3187 445 3255 Ipse
462 3188 543 3241 modo
562 3190 679 3253 Aeneas,
697 3186 784 3239 nostri
802 3185 826 3239 si
843 3188 921 3239 tanta
938 3184 1037 3253 cupido
1054 3186 1104 3254 est,

379 3262 409 3317 Si
425 3263 500 3331 iungi
517 3263 634 3332 hospitio
652 3266 781 3331 properat
800 3261 942 3330 sociusque
959 3259 1056 3327 vocari,

378 3340 525 3407 Adveniet,
542 3340 632 3393 voltus
649 3355 718 3392 neve
736 3338 909 3392 exhorrescat
927 3337 1034 3391 amicos.
1190 3352 1226 3392 m

365 3412 440 3470 Pars
454 3416 526 3471 mibi
540 3416 619 3488 pacis
636 3415 693 3471 erit
711 3413 843 3471 dextram
857 3414 986 3480 tetigisse
1000 3412 1120 3478 sponsu

358 3486 415 3546 Vos
431 3498 534 3551 contra
551 3496 617 3567 regi
636 3512 704 3552 mea
721 3510 800 3551 nuuc
816 3489 956 3547 mandata
968 3486 1082 3538 relente-

341 3561 394 3623 roc
409 3570 489 3627 mibi
506 3577 590 3647 nata,
610 3576 678 3634 viro
697 3571 800 3647 gentis
818 3582 911 3640 qum
926 3562 1050 3625 limem
1063 3560 1183 3604 mm
