3242 4159
633 814 664 865 P.
682 814 838 865 VERGILI
854 814 1024 865 MARONIS

593 980 1068 1057 AENEIDOS

673 1168 791 1224 LIBER
809 1168 993 1224 OCTAVUS.

778 1328 881 1360 -4-

401 1462 448 1520 Ur
464 1463 531 1519 belli
549 1463 657 1534 signum
674 1464 807 1520 Laurenti
826 1466 934 1519 Turnus
950 1462 986 1518 ab
1003 1478 1067 1519 arce

402 1540 519 1609 Extulit,
535 1544 566 1596 et
582 1557 664 1595 rauco
682 1544 861 1611 strepuerunt
878 1557 980 1594 cornua
996 1543 1087 1606 cantu,

403 1614 499 1686 thue
515 1616 586 1670 acris
603 1617 738 1671 concussit
755 1633 848 1686 equos,
865 1620 952 1685 utque
969 1616 1069 1685 inpulit
1085 1631 1171 1685 arma,

402 1692 548 1762 Extemplo
565 1693 671 1746 turbati
688 1693 778 1761 animi,
796 1692 877 1746 simul
895 1708 975 1746 omne
993 1691 1115 1745 tumultu

401 1768 536 1822 Coniurat
553 1768 662 1837 trepido
679 1767 798 1837 Latium,
816 1768 958 1837 saevitque
973 1767 1102 1821 iuventus
1241 1787 1254 1827 s

402 1843 501 1898 Effera
537 1844 673 1899 Ductores
691 1845 772 1913 primi
789 1844 935 1912 Messapus
951 1846 981 1898 ot
998 1842 1085 1897 Ufens

401 1920 637 1990 Contemptorque
655 1920 736 1974 deum
755 1919 910 1975 Mezentius
925 1918 1048 1989 undique
1065 1921 1167 1987 cogunt

402 1995 522 2064 Auxilia,
540 1998 569 2051 et
587 1996 657 2049 latos
674 1999 783 2050 vastant
800 1994 953 2051 cultoribus
970 2011 1059 2064 agros.

401 2072 529 2126 Mittitur
545 2076 575 2126 et
592 2072 683 2139 magni
701 2072 824 2133 Venulus
842 2072 985 2127 Diomedis
1001 2071 1038 2125 ad
1054 2071 1160 2140 urbem,

401 2149 454 2213 Qui
472 2150 552 2217 petat
570 2148 708 2216 auxilium,
726 2150 762 2214 et,
781 2149 862 2201 Latio
879 2149 1027 2203 consistere
1046 2148 1171 2215 Teucros,
1228 2162 1253 2201 1o

401 2224 559 2278 Advectum
577 2224 690 2277 Aenean
707 2222 786 2277 classi
803 2223 945 2292 victosque
963 2223 1075 2278 Penatis

401 2300 509 2353 Inferre
527 2301 556 2353 et
573 2298 638 2352 fatis
655 2315 747 2367 regem
766 2314 796 2352 se
815 2298 906 2352 dicere
923 2298 1007 2367 posci,

401 2375 530 2442 Edoceat,
547 2374 703 2442 multasque
721 2374 778 2428 viro
791 2390 826 2427 se
843 2374 994 2442 adiungere
1009 2373 1102 2441 gentis

400 2450 547 2518 Dardanio,
566 2453 595 2504 ot
612 2450 667 2503 late
686 2450 765 2503 Latio
782 2448 970 2504 increbescere
986 2465 1094 2503 nomen.

399 2527 474 2591 Quid
486 2529 574 2581 struat
586 2525 629 2579 his
640 2525 751 2595 coeptis,
764 2542 853 2594 quem,
866 2525 890 2578 si
903 2526 1025 2579 Fortuna
1036 2527 1176 2594 sequatur,
1226 2540 1251 2580 15

400 2604 537 2658 Eventum
555 2618 662 2671 pugnae
680 2602 780 2671 cupiat,
798 2602 968 2656 manifestius
985 2602 1045 2671 ipsi,

400 2679 489 2745 Quam
507 2679 598 2732 Turno
616 2677 682 2745 regi,
700 2680 749 2732 aut
766 2678 825 2745 regi
844 2678 977 2747 adparere
994 2676 1101 2733 Latino.

435 2755 511 2808 Talia
527 2770 577 2823 per
595 2754 712 2807 Latium.
749 2754 826 2819 Quae
844 2754 1058 2809 Laomedontius
1075 2754 1156 2808 heros

400 2831 506 2885 (iuncta
523 2831 619 2884 videns
635 2845 734 2897 magno
751 2846 878 2883 curarum
896 2830 1011 2884 fluctuat
1027 2835 1121 2895 aestu;

400 2909 499 2977 Atque
511 2906 631 2959 animum
642 2922 713 2959 nunc
724 2905 777 2959 huc
788 2906 914 2972 celerem,
926 2922 997 2959 nunc
1009 2905 1108 2958 dividit
1119 2904 1190 2971 illuc,
1225 2918 1251 2956 ao

401 2984 436 3037 Iu
454 2984 595 3051 partisque
612 2981 686 3050 rapit
703 2983 791 3035 sarias
808 2997 913 3050 perque
931 2980 1021 3034 omnia
1038 2982 1142 3033 versat:

400 3060 479 3113 Sicut
496 3074 583 3127 aquae
600 3056 749 3112 tremulum
766 3055 851 3110 labris
867 3056 916 3109 ubi
932 3056 1025 3109 lumen
1042 3054 1118 3108 aenis

400 3136 464 3189 Sole
482 3149 671 3204 repercussum
688 3136 737 3186 aut
754 3125 896 3186 radiantis·
904 3130 1023 3199 imagine
1042 3130 1137 3183 Lunae

401 3211 501 3263 Omnia
517 3208 664 3278 pervolitat
680 3208 735 3263 late
752 3208 819 3275 loca,
836 3208 945 3275 iamque
963 3206 1014 3261 sub
1031 3221 1112 3261 auras
1273 3190 1281 3270 i

400 3286 525 3353 Erigitur
541 3285 695 3353 summique
710 3279 784 3338 ferit¹
792 3284 935 3354 laquearia
950 3282 1026 3339 tecti.
1225 3297 1254 3334 as

392 3363 460 3413 Nox
476 3364 543 3427 erat,
562 3363 592 3414 et
610 3364 702 3418 terras
719 3363 853 3419 animalia
867 3363 946 3419 fessa
958 3378 1012 3432 per
1030 3359 1125 3415 omnis

381 3433 511 3486 Amnum
530 3438 733 3512 pecudumque
753 3458 849 3513 genus
867 3460 955 3516 sopor
974 3440 1056 3497 saltus
1067 3431 1225 3490 unumst·-

371 3504 444 3558 oum
458 3511 549 3569 nater
564 3511 597 3567 in
616 3516 685 3587 ripa
702 3520 865 3596 gelidique
881 3523 946 3581 snb
961 3515 1107 3579 uetueris
1119 3522 1184 3565 ase
