<?xml version="1.0" encoding="UTF-8"?>
<!DOCTYPE html PUBLIC "-//W3C//DTD XHTML 1.0 Transitional//EN"
    "http://www.w3.org/TR/xhtml1/DTD/xhtml1-transitional.dtd">
<html xmlns="http://www.w3.org/1999/xhtml" xml:lang="en" lang="en">
 <head>
  <title>
</title>
<meta http-equiv="Content-Type" content="text/html;charset=utf-8" />
  <meta name='ocr-system' content='tesseract 3.04.00' />
  <meta name='ocr-capabilities' content='ocr_page ocr_carea ocr_par ocr_line ocrx_word'/>
</head>
<body>
  <div class='ocr_page' id='page_1' title='image "./publivergilimar00conigoog/publivergilimar00conigoog_0093.png"; bbox 0 0 3242 4159; ppageno 0'>
   <div class='ocr_carea' id='block_1_1' title="bbox 1076 450 1279 462">
    <p class='ocr_par' dir='ltr' id='par_1_1' title="bbox 1076 450 1279 462">
     <span class='ocr_line' id='line_1_1' title="bbox 1076 450 1279 462; baseline 0.015 -3"><span class='ocrx_word' id='word_1_1' title='bbox 1076 450 1279 462; x_wconf 47' lang='grc' dir='ltr'><strong>ἡ</strong></span> 
     </span>
    </p>
   </div>
   <div class='ocr_carea' id='block_1_2' title="bbox 392 519 1258 823">
    <p class='ocr_par' dir='ltr' id='par_1_2' title="bbox 392 519 1258 823">
     <span class='ocr_line' id='line_1_2' title="bbox 648 519 1258 575; baseline 0.01 -6"><span class='ocrx_word' id='word_1_2' title='bbox 648 519 854 571; x_wconf 68' lang='lat' dir='ltr'>eucnemon</span> <span class='ocrx_word' id='word_1_3' title='bbox 872 520 941 571; x_wconf 86' lang='lat' dir='ltr'>LIB.</span> <span class='ocrx_word' id='word_1_4' title='bbox 962 520 1012 573; x_wconf 87' lang='lat' dir='ltr'>IV.</span> <span class='ocrx_word' id='word_1_5' title='bbox 1227 528 1258 575; x_wconf 77' lang='lat'>77</span> 
     </span>
     <span class='ocr_line' id='line_1_3' title="bbox 433 597 1063 671; baseline 0.005 -18"><span class='ocrx_word' id='word_1_6' title='bbox 433 599 488 654; x_wconf 78' lang='lat' dir='ltr'>Est</span> <span class='ocrx_word' id='word_1_7' title='bbox 503 597 699 667; x_wconf 78' lang='lat' dir='ltr'>in&#39;Garpathio</span> <span class='ocrx_word' id='word_1_8' title='bbox 717 600 853 669; x_wconf 89' lang='lat' dir='ltr'>Neptuni.</span> <span class='ocrx_word' id='word_1_9' title='bbox 858 602 969 671; x_wconf 76' lang='lat' dir='ltr'>gurgite</span> <span class='ocrx_word' id='word_1_10' title='bbox 985 603 1063 656; x_wconf 83' lang='lat' dir='ltr'>vates</span> 
     </span>
     <span class='ocr_line' id='line_1_4' title="bbox 395 676 1164 748; baseline 0.001 -16"><span class='ocrx_word' id='word_1_11' title='bbox 395 676 549 732; x_wconf 72' lang='lat' dir='ltr'>Caeruleus</span> <span class='ocrx_word' id='word_1_12' title='bbox 568 676 691 743; x_wconf 78' lang='lat' dir='ltr'>Proteus,</span> <span class='ocrx_word' id='word_1_13' title='bbox 711 693 840 744; x_wconf 86' lang='lat' dir='ltr'>magnum</span> <span class='ocrx_word' id='word_1_14' title='bbox 859 679 905 745; x_wconf 91' lang='lat' dir='ltr'>qui</span> <span class='ocrx_word' id='word_1_15' title='bbox 924 678 1043 746; x_wconf 79' lang='lat' dir='ltr'>piscibus</span> <span class='ocrx_word' id='word_1_16' title='bbox 1060 695 1164 748; x_wconf 83' lang='lat' dir='ltr'>sequor</span> 
     </span>
     <span class='ocr_line' id='line_1_5' title="bbox 392 750 1087 823; baseline 0.004 -18"><span class='ocrx_word' id='word_1_17' title='bbox 392 752 434 805; x_wconf 76' lang='lat' dir='ltr'>let</span> <span class='ocrx_word' id='word_1_18' title='bbox 451 751 545 804; x_wconf 90' lang='lat' dir='ltr'>iuncto</span> <span class='ocrx_word' id='word_1_19' title='bbox 563 750 696 820; x_wconf 83' lang='lat' dir='ltr'>bipedum</span> <span class='ocrx_word' id='word_1_20' title='bbox 715 769 796 806; x_wconf 88' lang='lat' dir='ltr'>curru</span> <span class='ocrx_word' id='word_1_21' title='bbox 814 755 929 808; x_wconf 89' lang='lat' dir='ltr'>metitur</span> <span class='ocrx_word' id='word_1_22' title='bbox 948 771 1087 823; x_wconf 87' lang='lat' dir='ltr'>equorum.</span> 
     </span>
    </p>
   </div>
   <div class='ocr_carea' id='block_1_3' title="bbox 360 827 1267 3647">
    <p class='ocr_par' dir='ltr' id='par_1_3' title="bbox 360 827 1267 3647">
     <span class='ocr_line' id='line_1_6' title="bbox 393 827 1256 899; baseline 0.002 -16"><span class='ocrx_word' id='word_1_23' title='bbox 393 829 453 883; x_wconf 89' lang='lat' dir='ltr'>Hic</span> <span class='ocrx_word' id='word_1_24' title='bbox 471 844 543 881; x_wconf 89' lang='lat' dir='ltr'>nunc</span> <span class='ocrx_word' id='word_1_25' title='bbox 561 827 707 882; x_wconf 77' lang='lat' dir='ltr'>Emathiae</span> <span class='ocrx_word' id='word_1_26' title='bbox 724 833 821 897; x_wconf 89' lang='lat' dir='ltr'>portus</span> <span class='ocrx_word' id='word_1_27' title='bbox 838 831 1013 899; x_wconf 89' lang='lat' dir='ltr'>patriamque</span> <span class='ocrx_word' id='word_1_28' title='bbox 1030 832 1125 885; x_wconf 88' lang='lat' dir='ltr'>revisit</span> <span class='ocrx_word' id='word_1_29' title='bbox 1219 848 1256 887; x_wconf 83' lang='lat' dir='ltr'>seo</span> 
     </span>
     <span class='ocr_line' id='line_1_7' title="bbox 392 903 1144 976; baseline 0.003 -17"><span class='ocrx_word' id='word_1_30' title='bbox 392 905 541 969; x_wconf 84' lang='lat' dir='ltr'>Pallenen3</span> <span class='ocrx_word' id='word_1_31' title='bbox 559 903 630 957; x_wconf 87' lang='lat' dir='ltr'>hunc</span> <span class='ocrx_word' id='word_1_32' title='bbox 650 908 678 957; x_wconf 88' lang='lat' dir='ltr'>et</span> <span class='ocrx_word' id='word_1_33' title='bbox 697 905 841 974; x_wconf 83' lang='lat' dir='ltr'><strong>Nymphae</strong></span> <span class='ocrx_word' id='word_1_34' title='bbox 859 923 1022 961; x_wconf 81' lang='lat' dir='ltr'>veneramur</span> <span class='ocrx_word' id='word_1_35' title='bbox 1040 908 1144 976; x_wconf 88' lang='lat' dir='ltr'>etipse</span> 
     </span>
     <span class='ocr_line' id='line_1_8' title="bbox 392 980 1159 1052; baseline 0 -16"><span class='ocrx_word' id='word_1_36' title='bbox 392 981 576 1037; x_wconf 82' lang='lat' dir='ltr'>Grandaevus</span> <span class='ocrx_word' id='word_1_37' title='bbox 595 980 620 1034; x_wconf 90' lang='lat' dir='ltr'>N</span> <span class='ocrx_word' id='word_1_38' title='bbox 623 998 719 1047; x_wconf 78' lang='lat' dir='ltr'>erous3</span> <span class='ocrx_word' id='word_1_39' title='bbox 737 982 814 1035; x_wconf 89' lang='lat' dir='ltr'>novit</span> <span class='ocrx_word' id='word_1_40' title='bbox 832 1000 949 1052; x_wconf 84' lang='lat' dir='ltr'>namque</span> <span class='ocrx_word' id='word_1_41' title='bbox 969 985 1058 1037; x_wconf 88' lang='lat' dir='ltr'>omnia</span> <span class='ocrx_word' id='word_1_42' title='bbox 1075 990 1159 1050; x_wconf 88' lang='lat' dir='ltr'>vates,</span> 
     </span>
     <span class='ocr_line' id='line_1_9' title="bbox 392 1058 1204 1125; baseline 0.004 -13"><span class='ocrx_word' id='word_1_43' title='bbox 392 1060 472 1124; x_wconf 82' lang='lat' dir='ltr'>Quos</span> <span class='ocrx_word' id='word_1_44' title='bbox 485 1059 546 1123; x_wconf 89' lang='lat' dir='ltr'>sint,</span> <span class='ocrx_word' id='word_1_45' title='bbox 561 1074 631 1125; x_wconf 82' lang='lat' dir='ltr'>quae</span> <span class='ocrx_word' id='word_1_46' title='bbox 644 1058 753 1124; x_wconf 85' lang='lat' dir='ltr'>fuerint,</span> <span class='ocrx_word' id='word_1_47' title='bbox 763 1075 835 1125; x_wconf 82' lang='lat' dir='ltr'>quse</span> <span class='ocrx_word' id='word_1_48' title='bbox 848 1076 912 1113; x_wconf 87' lang='lat' dir='ltr'>mox</span> <span class='ocrx_word' id='word_1_49' title='bbox 924 1064 1040 1114; x_wconf 86' lang='lat' dir='ltr'>ventura</span> <span class='ocrx_word' id='word_1_50' title='bbox 1052 1061 1204 1117; x_wconf 81' lang='lat' dir='ltr'>trahantur.</span> 
     </span>
     <span class='ocr_line' id='line_1_10' title="bbox 392 1128 1114 1204; baseline 0.003 -16"><span class='ocrx_word' id='word_1_51' title='bbox 392 1136 501 1204; x_wconf 86' lang='lat' dir='ltr'>Quippe</span> <span class='ocrx_word' id='word_1_52' title='bbox 518 1128 558 1187; x_wconf 80' lang='lat' dir='ltr'>ita</span> <span class='ocrx_word' id='word_1_53' title='bbox 577 1134 706 1201; x_wconf 87' lang='lat' dir='ltr'>Neptuno</span> <span class='ocrx_word' id='word_1_54' title='bbox 725 1136 812 1188; x_wconf 88' lang='lat' dir='ltr'>visum</span> <span class='ocrx_word' id='word_1_55' title='bbox 831 1139 881 1202; x_wconf 90' lang='lat' dir='ltr'>est,</span> <span class='ocrx_word' id='word_1_56' title='bbox 900 1137 1019 1190; x_wconf 85' lang='lat' dir='ltr'>inmania</span> <span class='ocrx_word' id='word_1_57' title='bbox 1037 1138 1114 1190; x_wconf 90' lang='lat' dir='ltr'>cuius</span> 
     </span>
     <span class='ocr_line' id='line_1_11' title="bbox 391 1210 1254 1281; baseline 0.003 -16"><span class='ocrx_word' id='word_1_58' title='bbox 391 1215 530 1265; x_wconf 80' lang='lat' dir='ltr'>Armenta</span> <span class='ocrx_word' id='word_1_59' title='bbox 548 1215 578 1265; x_wconf 86' lang='lat' dir='ltr'>et</span> <span class='ocrx_word' id='word_1_60' title='bbox 595 1210 683 1277; x_wconf 86' lang='lat' dir='ltr'>turpis</span> <span class='ocrx_word' id='word_1_61' title='bbox 701 1211 789 1280; x_wconf 87' lang='lat' dir='ltr'>pascit</span> <span class='ocrx_word' id='word_1_62' title='bbox 808 1211 858 1264; x_wconf 92' lang='lat' dir='ltr'>sub</span> <span class='ocrx_word' id='word_1_63' title='bbox 876 1214 986 1279; x_wconf 81' lang='lat' dir='ltr'>gurgite</span> <span class='ocrx_word' id='word_1_64' title='bbox 1004 1213 1113 1281; x_wconf 86' lang='lat' dir='ltr'>phocas.</span> <span class='ocrx_word' id='word_1_65' title='bbox 1217 1229 1254 1268; x_wconf 81' lang='lat' dir='ltr'>ees</span> 
     </span>
     <span class='ocr_line' id='line_1_12' title="bbox 391 1287 1175 1356; baseline 0.003 -15"><span class='ocrx_word' id='word_1_66' title='bbox 391 1288 448 1341; x_wconf 89' lang='lat' dir='ltr'>Hic</span> <span class='ocrx_word' id='word_1_67' title='bbox 465 1288 524 1355; x_wconf 90' lang='lat' dir='ltr'>tibi,</span> <span class='ocrx_word' id='word_1_68' title='bbox 543 1291 617 1353; x_wconf 88' lang='lat' dir='ltr'>nate,</span> <span class='ocrx_word' id='word_1_69' title='bbox 636 1287 712 1354; x_wconf 89' lang='lat' dir='ltr'>prius</span> <span class='ocrx_word' id='word_1_70' title='bbox 731 1287 825 1340; x_wconf 88' lang='lat' dir='ltr'>vinclis</span> <span class='ocrx_word' id='word_1_71' title='bbox 843 1288 999 1356; x_wconf 84' lang='lat' dir='ltr'>capiendus,</span> <span class='ocrx_word' id='word_1_72' title='bbox 1018 1292 1050 1342; x_wconf 94' lang='lat' dir='ltr'>ut</span> <span class='ocrx_word' id='word_1_73' title='bbox 1068 1306 1175 1343; x_wconf 91' lang='lat' dir='ltr'>omnem</span> 
     </span>
     <span class='ocr_line' id='line_1_13' title="bbox 389 1362 1130 1432; baseline 0.001 -15"><span class='ocrx_word' id='word_1_74' title='bbox 389 1363 531 1431; x_wconf 76' lang='lat' dir='ltr'>Expediet</span> <span class='ocrx_word' id='word_1_75' title='bbox 548 1362 637 1416; x_wconf 86' lang='lat' dir='ltr'>morbi</span> <span class='ocrx_word' id='word_1_76' title='bbox 655 1378 785 1429; x_wconf 80' lang='lat' dir='ltr'>caussam,</span> <span class='ocrx_word' id='word_1_77' title='bbox 805 1367 974 1432; x_wconf 86' lang='lat' dir='ltr'>eventusque</span> <span class='ocrx_word' id='word_1_78' title='bbox 992 1365 1130 1418; x_wconf 83' lang='lat' dir='ltr'>secundet.</span> 
     </span>
     <span class='ocr_line' id='line_1_14' title="bbox 389 1438 1200 1509; baseline 0 -16"><span class='ocrx_word' id='word_1_79' title='bbox 389 1440 465 1493; x_wconf 80' lang='lat' dir='ltr'>Num</span> <span class='ocrx_word' id='word_1_80' title='bbox 483 1440 541 1493; x_wconf 90' lang='lat' dir='ltr'>sine</span> <span class='ocrx_word' id='word_1_81' title='bbox 558 1439 585 1492; x_wconf 90' lang='lat' dir='ltr'>vi</span> <span class='ocrx_word' id='word_1_82' title='bbox 601 1455 655 1491; x_wconf 91' lang='lat' dir='ltr'>non</span> <span class='ocrx_word' id='word_1_83' title='bbox 672 1438 728 1490; x_wconf 83' lang='lat' dir='ltr'>ulla</span> <span class='ocrx_word' id='word_1_84' title='bbox 747 1438 824 1492; x_wconf 84' lang='lat' dir='ltr'>dabit</span> <span class='ocrx_word' id='word_1_85' title='bbox 842 1444 994 1508; x_wconf 71' lang='lat' dir='ltr'>praecepta,</span> <span class='ocrx_word' id='word_1_86' title='bbox 1013 1456 1104 1509; x_wconf 90' lang='lat' dir='ltr'>neque</span> <span class='ocrx_word' id='word_1_87' title='bbox 1123 1441 1200 1494; x_wconf 91' lang='lat' dir='ltr'>illum</span> 
     </span>
     <span class='ocr_line' id='line_1_15' title="bbox 390 1514 1092 1584; baseline 0.003 -16"><span class='ocrx_word' id='word_1_88' title='bbox 390 1514 505 1568; x_wconf 86' lang='lat' dir='ltr'>Orando</span> <span class='ocrx_word' id='word_1_89' title='bbox 523 1515 637 1569; x_wconf 62' lang='lat' dir='ltr'>fiectess</span> <span class='ocrx_word' id='word_1_90' title='bbox 650 1514 704 1567; x_wconf 87' lang='lat' dir='ltr'>vim</span> <span class='ocrx_word' id='word_1_91' title='bbox 723 1514 820 1568; x_wconf 88' lang='lat' dir='ltr'>duram</span> <span class='ocrx_word' id='word_1_92' title='bbox 840 1519 869 1569; x_wconf 87' lang='lat' dir='ltr'>et</span> <span class='ocrx_word' id='word_1_93' title='bbox 888 1516 994 1574; x_wconf 79' lang='lat' dir='ltr'>vincula</span> <span class='ocrx_word' id='word_1_94' title='bbox 1011 1520 1092 1584; x_wconf 83' lang='lat' dir='ltr'>capto</span> 
     </span>
     <span class='ocr_line' id='line_1_16' title="bbox 389 1590 1252 1661; baseline 0.005 -16"><span class='ocrx_word' id='word_1_95' title='bbox 389 1591 501 1657; x_wconf 72' lang='lat' dir='ltr'>&#39;l&#39;ende;</span> <span class='ocrx_word' id='word_1_96' title='bbox 519 1590 574 1643; x_wconf 87' lang='lat' dir='ltr'>doli</span> <span class='ocrx_word' id='word_1_97' title='bbox 586 1592 688 1644; x_wconf 90' lang='lat' dir='ltr'>circum</span> <span class='ocrx_word' id='word_1_98' title='bbox 699 1590 766 1643; x_wconf 91' lang='lat' dir='ltr'>haec</span> <span class='ocrx_word' id='word_1_99' title='bbox 778 1590 888 1644; x_wconf 89' lang='lat' dir='ltr'>demum</span> <span class='ocrx_word' id='word_1_100' title='bbox 900 1592 1061 1661; x_wconf 83' lang='lat' dir='ltr'>frangentur</span> <span class='ocrx_word' id='word_1_101' title='bbox 1073 1592 1176 1648; x_wconf 89' lang='lat' dir='ltr'>inanes.</span> <span class='ocrx_word' id='word_1_102' title='bbox 1214 1610 1252 1649; x_wconf 82' lang='lat' dir='ltr'>soc</span> 
     </span>
     <span class='ocr_line' id='line_1_17' title="bbox 388 1667 1127 1737; baseline 0.003 -16"><span class='ocrx_word' id='word_1_103' title='bbox 388 1667 457 1737; x_wconf 88' lang='lat' dir='ltr'>Ipsa</span> <span class='ocrx_word' id='word_1_104' title='bbox 475 1684 526 1736; x_wconf 83' lang='lat' dir='ltr'>ego</span> <span class='ocrx_word' id='word_1_105' title='bbox 543 1670 581 1734; x_wconf 89' lang='lat' dir='ltr'>te,</span> <span class='ocrx_word' id='word_1_106' title='bbox 599 1667 703 1721; x_wconf 91' lang='lat' dir='ltr'>medios</span> <span class='ocrx_word' id='word_1_107' title='bbox 721 1682 782 1719; x_wconf 91' lang='lat' dir='ltr'>cum</span> <span class='ocrx_word' id='word_1_108' title='bbox 800 1668 840 1720; x_wconf 92' lang='lat' dir='ltr'>sol</span> <span class='ocrx_word' id='word_1_109' title='bbox 858 1669 1013 1722; x_wconf 83' lang='lat' dir='ltr'>accenderit</span> <span class='ocrx_word' id='word_1_110' title='bbox 1030 1674 1127 1737; x_wconf 85' lang='lat' dir='ltr'>aestus,</span> 
     </span>
     <span class='ocr_line' id='line_1_18' title="bbox 389 1744 1235 1813; baseline 0.004 -15"><span class='ocrx_word' id='word_1_111' title='bbox 389 1744 462 1798; x_wconf 83' lang='lat' dir='ltr'>Cum</span> <span class='ocrx_word' id='word_1_112' title='bbox 479 1744 577 1798; x_wconf 87' lang='lat' dir='ltr'>sitiunt</span> <span class='ocrx_word' id='word_1_113' title='bbox 594 1744 704 1807; x_wconf 89' lang='lat' dir='ltr'>herbae,</span> <span class='ocrx_word' id='word_1_114' title='bbox 723 1745 751 1795; x_wconf 88' lang='lat' dir='ltr'>et</span> <span class='ocrx_word' id='word_1_115' title='bbox 769 1744 860 1811; x_wconf 89' lang='lat' dir='ltr'>pecori</span> <span class='ocrx_word' id='word_1_116' title='bbox 877 1745 930 1796; x_wconf 88' lang='lat' dir='ltr'>iam</span> <span class='ocrx_word' id='word_1_117' title='bbox 948 1746 1052 1811; x_wconf 87' lang='lat' dir='ltr'>gratior</span> <span class='ocrx_word' id='word_1_118' title='bbox 1069 1746 1166 1798; x_wconf 85' lang='lat' dir='ltr'>umbra</span> <span class='ocrx_word' id='word_1_119' title='bbox 1184 1750 1235 1813; x_wconf 89' lang='lat' dir='ltr'>est,</span> 
     </span>
     <span class='ocr_line' id='line_1_19' title="bbox 388 1819 1095 1887; baseline -0.001 -13"><span class='ocrx_word' id='word_1_120' title='bbox 388 1821 425 1874; x_wconf 92' lang='lat' dir='ltr'>In</span> <span class='ocrx_word' id='word_1_121' title='bbox 444 1823 551 1874; x_wconf 87' lang='lat' dir='ltr'>secreta</span> <span class='ocrx_word' id='word_1_122' title='bbox 569 1820 641 1873; x_wconf 89' lang='lat' dir='ltr'>senis</span> <span class='ocrx_word' id='word_1_123' title='bbox 659 1819 764 1886; x_wconf 87' lang='lat' dir='ltr'>ducam,</span> <span class='ocrx_word' id='word_1_124' title='bbox 783 1835 838 1887; x_wconf 87' lang='lat' dir='ltr'>quo</span> <span class='ocrx_word' id='word_1_125' title='bbox 856 1820 943 1872; x_wconf 88' lang='lat' dir='ltr'>fessus</span> <span class='ocrx_word' id='word_1_126' title='bbox 961 1819 996 1872; x_wconf 88' lang='lat' dir='ltr'>ab</span> <span class='ocrx_word' id='word_1_127' title='bbox 1013 1820 1095 1873; x_wconf 89' lang='lat' dir='ltr'>undis</span> 
     </span>
     <span class='ocr_line' id='line_1_20' title="bbox 387 1895 1152 1963; baseline 0.004 -15"><span class='ocrx_word' id='word_1_128' title='bbox 387 1896 427 1949; x_wconf 81' lang='lat' dir='ltr'>Se</span> <span class='ocrx_word' id='word_1_129' title='bbox 444 1895 549 1963; x_wconf 82' lang='lat' dir='ltr'>recipit,</span> <span class='ocrx_word' id='word_1_130' title='bbox 567 1896 647 1949; x_wconf 83' lang='lat' dir='ltr'>facile</span> <span class='ocrx_word' id='word_1_131' title='bbox 665 1898 697 1949; x_wconf 93' lang='lat' dir='ltr'>ut</span> <span class='ocrx_word' id='word_1_132' title='bbox 715 1911 809 1948; x_wconf 88' lang='lat' dir='ltr'>somno</span> <span class='ocrx_word' id='word_1_133' title='bbox 828 1895 990 1962; x_wconf 83' lang='lat' dir='ltr'>adgrediare</span> <span class='ocrx_word' id='word_1_134' title='bbox 1008 1896 1152 1952; x_wconf 85' lang='lat' dir='ltr'>iacentem.</span> 
     </span>
     <span class='ocr_line' id='line_1_21' title="bbox 370 1971 1249 2042; baseline 0.002 -15"><span class='ocrx_word' id='word_1_135' title='bbox 370 1972 496 2028; x_wconf 85' lang='lat' dir='ltr'>.Verum</span> <span class='ocrx_word' id='word_1_136' title='bbox 513 1971 560 2025; x_wconf 89' lang='lat' dir='ltr'>ubi</span> <span class='ocrx_word' id='word_1_137' title='bbox 578 1975 734 2040; x_wconf 84' lang='lat' dir='ltr'>correptum</span> <span class='ocrx_word' id='word_1_138' title='bbox 752 1972 877 2025; x_wconf 82' lang='lat' dir='ltr'>manibus</span> <span class='ocrx_word' id='word_1_139' title='bbox 895 1972 1045 2042; x_wconf 88' lang='lat' dir='ltr'>vinclisque</span> <span class='ocrx_word' id='word_1_140' title='bbox 1063 1973 1178 2040; x_wconf 81' lang='lat' dir='ltr'>tenebis,</span> <span class='ocrx_word' id='word_1_141' title='bbox 1212 1989 1249 2029; x_wconf 79' lang='lat' dir='ltr'>sos</span> 
     </span>
     <span class='ocr_line' id='line_1_22' title="bbox 386 2048 1136 2117; baseline 0.004 -16"><span class='ocrx_word' id='word_1_142' title='bbox 386 2048 459 2102; x_wconf 79' lang='lat' dir='ltr'>Tum</span> <span class='ocrx_word' id='word_1_143' title='bbox 477 2048 569 2103; x_wconf 81' lang='lat' dir='ltr'>verine</span> <span class='ocrx_word' id='word_1_144' title='bbox 588 2048 702 2102; x_wconf 89' lang='lat' dir='ltr'>eludent</span> <span class='ocrx_word' id='word_1_145' title='bbox 721 2049 823 2117; x_wconf 90' lang='lat' dir='ltr'>species</span> <span class='ocrx_word' id='word_1_146' title='bbox 841 2052 924 2117; x_wconf 88' lang='lat' dir='ltr'>atque</span> <span class='ocrx_word' id='word_1_147' title='bbox 942 2066 990 2102; x_wconf 90' lang='lat' dir='ltr'>ora</span> <span class='ocrx_word' id='word_1_148' title='bbox 1008 2050 1136 2105; x_wconf 84' lang='lat' dir='ltr'>ferarum.</span> 
     </span>
     <span class='ocr_line' id='line_1_23' title="bbox 385 2124 1110 2195; baseline 0.003 -16"><span class='ocrx_word' id='word_1_149' title='bbox 385 2125 452 2179; x_wconf 86' lang='lat' dir='ltr'>Fiet</span> <span class='ocrx_word' id='word_1_150' title='bbox 471 2125 544 2178; x_wconf 91' lang='lat' dir='ltr'>enim</span> <span class='ocrx_word' id='word_1_151' title='bbox 562 2124 652 2179; x_wconf 91' lang='lat' dir='ltr'>subito</span> <span class='ocrx_word' id='word_1_152' title='bbox 671 2141 717 2178; x_wconf 90' lang='lat' dir='ltr'>sus</span> <span class='ocrx_word' id='word_1_153' title='bbox 735 2124 871 2193; x_wconf 87' lang='lat' dir='ltr'>horridus,</span> <span class='ocrx_word' id='word_1_154' title='bbox 888 2129 1005 2194; x_wconf 85' lang='lat' dir='ltr'>atraque</span> <span class='ocrx_word' id='word_1_155' title='bbox 1024 2127 1110 2195; x_wconf 81' lang='lat' dir='ltr'>tigris,</span> 
     </span>
     <span class='ocr_line' id='line_1_24' title="bbox 386 2200 1108 2269; baseline 0 -14"><span class='ocrx_word' id='word_1_156' title='bbox 386 2201 611 2269; x_wconf 66' lang='lat' dir='ltr'>squamosusque</span> <span class='ocrx_word' id='word_1_157' title='bbox 630 2200 719 2267; x_wconf 85' lang='lat' dir='ltr'>draco,</span> <span class='ocrx_word' id='word_1_158' title='bbox 739 2204 767 2254; x_wconf 91' lang='lat' dir='ltr'>et</span> <span class='ocrx_word' id='word_1_159' title='bbox 784 2201 859 2254; x_wconf 90' lang='lat' dir='ltr'>fulva</span> <span class='ocrx_word' id='word_1_160' title='bbox 876 2202 981 2256; x_wconf 83' lang='lat' dir='ltr'>cervice</span> <span class='ocrx_word' id='word_1_161' title='bbox 999 2203 1108 2267; x_wconf 84' lang='lat' dir='ltr'>leecna3</span> 
     </span>
     <span class='ocr_line' id='line_1_25' title="bbox 385 2277 1211 2347; baseline 0.001 -17"><span class='ocrx_word' id='word_1_162' title='bbox 385 2278 449 2331; x_wconf 85' lang='lat' dir='ltr'>Aut</span> <span class='ocrx_word' id='word_1_163' title='bbox 466 2294 557 2331; x_wconf 84' lang='lat' dir='ltr'>eorem</span> <span class='ocrx_word' id='word_1_164' title='bbox 576 2277 700 2329; x_wconf 87' lang='lat' dir='ltr'>flammae</span> <span class='ocrx_word' id='word_1_165' title='bbox 719 2277 837 2330; x_wconf 90' lang='lat' dir='ltr'>sonitum</span> <span class='ocrx_word' id='word_1_166' title='bbox 856 2278 939 2345; x_wconf 79' lang='lat' dir='ltr'>dabit,</span> <span class='ocrx_word' id='word_1_167' title='bbox 959 2283 1043 2347; x_wconf 87' lang='lat' dir='ltr'>atque</span> <span class='ocrx_word' id='word_1_168' title='bbox 1062 2280 1101 2331; x_wconf 90' lang='lat' dir='ltr'>ita</span> <span class='ocrx_word' id='word_1_169' title='bbox 1118 2278 1211 2331; x_wconf 88' lang='lat' dir='ltr'>vinclis</span> 
     </span>
     <span class='ocr_line' id='line_1_26' title="bbox 385 2352 1246 2421; baseline -0.001 -15"><span class='ocrx_word' id='word_1_170' title='bbox 385 2352 512 2420; x_wconf 79' lang='lat' dir='ltr'>Excidet,</span> <span class='ocrx_word' id='word_1_171' title='bbox 531 2353 624 2406; x_wconf 89' lang='lat' dir='ltr'>autin</span> <span class='ocrx_word' id='word_1_172' title='bbox 642 2369 727 2421; x_wconf 82' lang='lat' dir='ltr'>aquas</span> <span class='ocrx_word' id='word_1_173' title='bbox 745 2354 836 2405; x_wconf 91' lang='lat' dir='ltr'>tenuis</span> <span class='ocrx_word' id='word_1_174' title='bbox 854 2353 975 2421; x_wconf 84' lang='lat' dir='ltr'>dilapsus</span> <span class='ocrx_word' id='word_1_175' title='bbox 994 2354 1090 2407; x_wconf 82' lang='lat' dir='ltr'>abibit.</span> <span class='ocrx_word' id='word_1_176' title='bbox 1209 2368 1246 2406; x_wconf 79' lang='lat' dir='ltr'>svo</span> 
     </span>
     <span class='ocr_line' id='line_1_27' title="bbox 385 2428 1165 2498; baseline -0.001 -16"><span class='ocrx_word' id='word_1_177' title='bbox 385 2428 445 2482; x_wconf 82' lang='lat' dir='ltr'>Sed</span> <span class='ocrx_word' id='word_1_178' title='bbox 463 2432 565 2498; x_wconf 85' lang='lat' dir='ltr'>quanto</span> <span class='ocrx_word' id='word_1_179' title='bbox 582 2429 628 2483; x_wconf 95' lang='lat' dir='ltr'>ille</span> <span class='ocrx_word' id='word_1_180' title='bbox 647 2429 732 2496; x_wconf 70' lang='lat' dir='ltr'>elegis</span> <span class='ocrx_word' id='word_1_181' title='bbox 750 2430 851 2483; x_wconf 83' lang='lat' dir='ltr'>formas</span> <span class='ocrx_word' id='word_1_182' title='bbox 870 2445 899 2481; x_wconf 92' lang='lat' dir='ltr'>se</span> <span class='ocrx_word' id='word_1_183' title='bbox 917 2433 1008 2482; x_wconf 87' lang='lat' dir='ltr'>vertet</span> <span class='ocrx_word' id='word_1_184' title='bbox 1026 2429 1053 2481; x_wconf 94' lang='lat' dir='ltr'>in</span> <span class='ocrx_word' id='word_1_185' title='bbox 1071 2428 1165 2494; x_wconf 90' lang='lat' dir='ltr'>omnis,</span> 
     </span>
     <span class='ocr_line' id='line_1_28' title="bbox 385 2503 1068 2574; baseline -0.001 -18"><span class='ocrx_word' id='word_1_186' title='bbox 385 2503 484 2574; x_wconf 80' lang='lat' dir='ltr'>Tanto,</span> <span class='ocrx_word' id='word_1_187' title='bbox 501 2507 574 2573; x_wconf 83' lang='lat' dir='ltr'>uate,</span> <span class='ocrx_word' id='word_1_188' title='bbox 592 2506 678 2573; x_wconf 83' lang='lat' dir='ltr'>magis</span> <span class='ocrx_word' id='word_1_189' title='bbox 696 2504 831 2558; x_wconf 88' lang='lat' dir='ltr'>contende</span> <span class='ocrx_word' id='word_1_190' title='bbox 850 2503 956 2557; x_wconf 85' lang='lat' dir='ltr'>tenacia</span> <span class='ocrx_word' id='word_1_191' title='bbox 974 2504 1068 2570; x_wconf 83' lang='lat' dir='ltr'>vinclo,</span> 
     </span>
     <span class='ocr_line' id='line_1_29' title="bbox 385 2579 1025 2648; baseline -0.003 -14"><span class='ocrx_word' id='word_1_192' title='bbox 385 2582 481 2635; x_wconf 90' lang='lat' dir='ltr'>Donec</span> <span class='ocrx_word' id='word_1_193' title='bbox 499 2581 562 2635; x_wconf 83' lang='lat' dir='ltr'>telis</span> <span class='ocrx_word' id='word_1_194' title='bbox 581 2582 635 2635; x_wconf 89' lang='lat' dir='ltr'>erit</span> <span class='ocrx_word' id='word_1_195' title='bbox 652 2584 758 2635; x_wconf 86' lang='lat' dir='ltr'>mutato</span> <span class='ocrx_word' id='word_1_196' title='bbox 777 2597 897 2648; x_wconf 88' lang='lat' dir='ltr'>corpore,</span> <span class='ocrx_word' id='word_1_197' title='bbox 917 2579 1025 2648; x_wconf 87' lang='lat' dir='ltr'>qualem</span> 
     </span>
     <span class='ocr_line' id='line_1_30' title="bbox 385 2656 1084 2727; baseline 0 -17"><span class='ocrx_word' id='word_1_198' title='bbox 385 2656 507 2725; x_wconf 86' lang='lat' dir='ltr'>Videris,</span> <span class='ocrx_word' id='word_1_199' title='bbox 526 2657 635 2727; x_wconf 91' lang='lat' dir='ltr'>incepto</span> <span class='ocrx_word' id='word_1_200' title='bbox 653 2660 763 2725; x_wconf 81' lang='lat' dir='ltr'>tegeret</span> <span class='ocrx_word' id='word_1_201' title='bbox 780 2674 842 2710; x_wconf 89' lang='lat' dir='ltr'>cum</span> <span class='ocrx_word' id='word_1_202' title='bbox 859 2656 961 2709; x_wconf 87' lang='lat' dir='ltr'>lumina</span> <span class='ocrx_word' id='word_1_203' title='bbox 978 2663 1084 2710; x_wconf 77' lang='lat' dir='ltr'>somno·</span> 
     </span>
     <span class='ocr_line' id='line_1_31' title="bbox 422 2731 1244 2802; baseline 0.001 -15"><span class='ocrx_word' id='word_1_204' title='bbox 422 2733 500 2787; x_wconf 90' lang='lat' dir='ltr'>Haec</span> <span class='ocrx_word' id='word_1_205' title='bbox 511 2734 558 2801; x_wconf 83' lang='lat' dir='ltr'>eit,</span> <span class='ocrx_word' id='word_1_206' title='bbox 570 2737 599 2787; x_wconf 89' lang='lat' dir='ltr'>et</span> <span class='ocrx_word' id='word_1_207' title='bbox 611 2733 745 2802; x_wconf 88' lang='lat' dir='ltr'>liquidum</span> <span class='ocrx_word' id='word_1_208' title='bbox 758 2732 910 2786; x_wconf 87' lang='lat' dir='ltr'>ambrosiae</span> <span class='ocrx_word' id='word_1_209' title='bbox 922 2731 1052 2787; x_wconf 84' lang='lat' dir='ltr'>diffundit</span> <span class='ocrx_word' id='word_1_210' title='bbox 1063 2735 1183 2801; x_wconf 86' lang='lat' dir='ltr'>odorem,</span> <span class='ocrx_word' id='word_1_211' title='bbox 1207 2748 1244 2788; x_wconf 76' lang='lat'>415</span> 
     </span>
     <span class='ocr_line' id='line_1_32' title="bbox 385 2808 1019 2878; baseline -0.003 -15"><span class='ocrx_word' id='word_1_212' title='bbox 385 2812 447 2876; x_wconf 84' lang='lat' dir='ltr'>Quo</span> <span class='ocrx_word' id='word_1_213' title='bbox 465 2813 555 2864; x_wconf 88' lang='lat' dir='ltr'>totum</span> <span class='ocrx_word' id='word_1_214' title='bbox 573 2810 631 2863; x_wconf 87' lang='lat' dir='ltr'>neti</span> <span class='ocrx_word' id='word_1_215' title='bbox 649 2826 747 2878; x_wconf 89' lang='lat' dir='ltr'>corpus</span> <span class='ocrx_word' id='word_1_216' title='bbox 765 2809 912 2878; x_wconf 80' lang='lat' dir='ltr'>perduxit;</span> <span class='ocrx_word' id='word_1_217' title='bbox 931 2808 1019 2862; x_wconf 87' lang='lat' dir='ltr'>atilli</span> 
     </span>
     <span class='ocr_line' id='line_1_33' title="bbox 384 2885 1005 2955; baseline 0 -16"><span class='ocrx_word' id='word_1_218' title='bbox 384 2885 480 2939; x_wconf 86' lang='lat' dir='ltr'>Dulcis</span> <span class='ocrx_word' id='word_1_219' title='bbox 498 2886 645 2955; x_wconf 86' lang='lat' dir='ltr'>conpositis</span> <span class='ocrx_word' id='word_1_220' title='bbox 664 2886 776 2954; x_wconf 86' lang='lat' dir='ltr'>spiravit</span> <span class='ocrx_word' id='word_1_221' title='bbox 794 2886 914 2939; x_wconf 90' lang='lat' dir='ltr'>crinibus</span> <span class='ocrx_word' id='word_1_222' title='bbox 931 2902 1005 2953; x_wconf 88' lang='lat' dir='ltr'>aura,</span> 
     </span>
     <span class='ocr_line' id='line_1_34' title="bbox 385 2960 1215 3031; baseline -0.002 -16"><span class='ocrx_word' id='word_1_223' title='bbox 385 2963 481 3030; x_wconf 85' lang='lat' dir='ltr'>Atque</span> <span class='ocrx_word' id='word_1_224' title='bbox 493 2962 590 3015; x_wconf 83' lang='lat' dir='ltr'>habilis</span> <span class='ocrx_word' id='word_1_225' title='bbox 602 2962 732 3014; x_wconf 87' lang='lat' dir='ltr'>membris</span> <span class='ocrx_word' id='word_1_226' title='bbox 744 2963 819 3015; x_wconf 85' lang='lat' dir='ltr'>venit</span> <span class='ocrx_word' id='word_1_227' title='bbox 830 2962 914 3028; x_wconf 75' lang='lat' dir='ltr'>vigor.</span> <span class='ocrx_word' id='word_1_228' title='bbox 950 2960 1000 3015; x_wconf 84' lang='lat' dir='ltr'>Est</span> <span class='ocrx_word' id='word_1_229' title='bbox 1012 2979 1108 3031; x_wconf 89' lang='lat' dir='ltr'>specus</span> <span class='ocrx_word' id='word_1_230' title='bbox 1119 2964 1215 3027; x_wconf 82' lang='lat' dir='ltr'>ingens</span> 
     </span>
     <span class='ocr_line' id='line_1_35' title="bbox 384 3037 1054 3106; baseline 0.003 -16"><span class='ocrx_word' id='word_1_231' title='bbox 384 3038 468 3091; x_wconf 69' lang='lat' dir='ltr'>mesi</span> <span class='ocrx_word' id='word_1_232' title='bbox 485 3037 574 3100; x_wconf 85' lang='lat' dir='ltr'>latere</span> <span class='ocrx_word' id='word_1_233' title='bbox 591 3037 620 3090; x_wconf 90' lang='lat' dir='ltr'>in</span> <span class='ocrx_word' id='word_1_234' title='bbox 638 3038 746 3105; x_wconf 90' lang='lat' dir='ltr'>montis,</span> <span class='ocrx_word' id='word_1_235' title='bbox 765 3054 819 3106; x_wconf 91' lang='lat' dir='ltr'>quo</span> <span class='ocrx_word' id='word_1_236' title='bbox 837 3037 954 3106; x_wconf 84' lang='lat' dir='ltr'>plmima</span> <span class='ocrx_word' id='word_1_237' title='bbox 971 3043 1054 3092; x_wconf 91' lang='lat' dir='ltr'>vento</span> 
     </span>
     <span class='ocr_line' id='line_1_36' title="bbox 384 3113 1243 3183; baseline -0.002 -16"><span class='ocrx_word' id='word_1_238' title='bbox 384 3113 503 3181; x_wconf 79' lang='lat' dir='ltr'>cogitur</span> <span class='ocrx_word' id='word_1_239' title='bbox 520 3114 601 3183; x_wconf 88' lang='lat' dir='ltr'>inque</span> <span class='ocrx_word' id='word_1_240' title='bbox 621 3114 695 3167; x_wconf 90' lang='lat' dir='ltr'>sinus</span> <span class='ocrx_word' id='word_1_241' title='bbox 713 3114 814 3167; x_wconf 88' lang='lat' dir='ltr'>scindit</span> <span class='ocrx_word' id='word_1_242' title='bbox 832 3130 891 3167; x_wconf 88' lang='lat' dir='ltr'>seso</span> <span class='ocrx_word' id='word_1_243' title='bbox 908 3113 983 3167; x_wconf 78' lang='lat' dir='ltr'>unda</span> <span class='ocrx_word' id='word_1_244' title='bbox 999 3114 1135 3179; x_wconf 89' lang='lat' dir='ltr'>reductos,</span> <span class='ocrx_word' id='word_1_245' title='bbox 1207 3128 1243 3165; x_wconf 77' lang='lat' dir='ltr'>sco</span> 
     </span>
     <span class='ocr_line' id='line_1_37' title="bbox 383 3188 996 3258; baseline 0.002 -16"><span class='ocrx_word' id='word_1_246' title='bbox 383 3188 535 3258; x_wconf 83' lang='lat' dir='ltr'>Deprensis</span> <span class='ocrx_word' id='word_1_247' title='bbox 552 3190 617 3242; x_wconf 89' lang='lat' dir='ltr'>olim</span> <span class='ocrx_word' id='word_1_248' title='bbox 636 3190 718 3242; x_wconf 88' lang='lat' dir='ltr'>statio</span> <span class='ocrx_word' id='word_1_249' title='bbox 736 3190 873 3243; x_wconf 85' lang='lat' dir='ltr'>tutissima</span> <span class='ocrx_word' id='word_1_250' title='bbox 891 3190 996 3254; x_wconf 82' lang='lat' dir='ltr'>nautis3</span> 
     </span>
     <span class='ocr_line' id='line_1_38' title="bbox 383 3263 1017 3333; baseline 0 -15"><span class='ocrx_word' id='word_1_251' title='bbox 383 3263 466 3318; x_wconf 89' lang='lat' dir='ltr'>Intus</span> <span class='ocrx_word' id='word_1_252' title='bbox 485 3282 515 3319; x_wconf 88' lang='lat' dir='ltr'>so</span> <span class='ocrx_word' id='word_1_253' title='bbox 533 3265 604 3318; x_wconf 85' lang='lat' dir='ltr'>vasti</span> <span class='ocrx_word' id='word_1_254' title='bbox 622 3265 739 3318; x_wconf 88' lang='lat' dir='ltr'>Proteus</span> <span class='ocrx_word' id='word_1_255' title='bbox 757 3266 829 3333; x_wconf 81' lang='lat' dir='ltr'>tegit</span> <span class='ocrx_word' id='word_1_256' title='bbox 846 3265 932 3318; x_wconf 88' lang='lat' dir='ltr'>obiice</span> <span class='ocrx_word' id='word_1_257' title='bbox 951 3264 1017 3318; x_wconf 86' lang='lat' dir='ltr'>saxi.</span> 
     </span>
     <span class='ocr_line' id='line_1_39' title="bbox 383 3337 1199 3406; baseline -0.005 -12"><span class='ocrx_word' id='word_1_258' title='bbox 383 3340 440 3394; x_wconf 88' lang='lat' dir='ltr'>Hic</span> <span class='ocrx_word' id='word_1_259' title='bbox 456 3342 584 3395; x_wconf 89' lang='lat' dir='ltr'>iuvenem</span> <span class='ocrx_word' id='word_1_260' title='bbox 601 3341 629 3394; x_wconf 93' lang='lat' dir='ltr'>in</span> <span class='ocrx_word' id='word_1_261' title='bbox 646 3340 759 3393; x_wconf 88' lang='lat' dir='ltr'>latebris</span> <span class='ocrx_word' id='word_1_262' title='bbox 776 3357 901 3394; x_wconf 87' lang='lat' dir='ltr'>aversum</span> <span class='ocrx_word' id='word_1_263' title='bbox 919 3356 936 3391; x_wconf 89' lang='lat' dir='ltr'>a</span> <span class='ocrx_word' id='word_1_264' title='bbox 952 3339 1053 3391; x_wconf 87' lang='lat' dir='ltr'>lmnine</span> <span class='ocrx_word' id='word_1_265' title='bbox 1071 3337 1097 3390; x_wconf 90' lang='lat' dir='ltr'>N</span> <span class='ocrx_word' id='word_1_266' title='bbox 1099 3337 1199 3406; x_wconf 83' lang='lat' dir='ltr'>ympba</span> 
     </span>
     <span class='ocr_line' id='line_1_40' title="bbox 384 3413 1097 3484; baseline -0.003 -15"><span class='ocrx_word' id='word_1_267' title='bbox 384 3416 520 3482; x_wconf 83' lang='lat' dir='ltr'>Collocst;</span> <span class='ocrx_word' id='word_1_268' title='bbox 536 3418 597 3483; x_wconf 79' lang='lat' dir='ltr'>ipsa</span> <span class='ocrx_word' id='word_1_269' title='bbox 611 3417 708 3484; x_wconf 86' lang='lat' dir='ltr'>procul</span> <span class='ocrx_word' id='word_1_270' title='bbox 727 3416 834 3470; x_wconf 90' lang='lat' dir='ltr'>nebulis</span> <span class='ocrx_word' id='word_1_271' title='bbox 852 3415 968 3469; x_wconf 74' lang='lat' dir='ltr'>obscure</span> <span class='ocrx_word' id='word_1_272' title='bbox 983 3413 1097 3467; x_wconf 80' lang='lat' dir='ltr'>resistit</span> 
     </span>
     <span class='ocr_line' id='line_1_41' title="bbox 372 3490 1267 3556; baseline 0.007 -17"><span class='ocrx_word' id='word_1_273' title='bbox 372 3490 434 3540; x_wconf 83' lang='lat' dir='ltr'>Iam</span> <span class='ocrx_word' id='word_1_274' title='bbox 452 3491 568 3556; x_wconf 84' lang='lat' dir='ltr'>rapidus</span> <span class='ocrx_word' id='word_1_275' title='bbox 588 3494 696 3546; x_wconf 81' lang='lat' dir='ltr'>torrens</span> <span class='ocrx_word' id='word_1_276' title='bbox 716 3494 840 3549; x_wconf 88' lang='lat' dir='ltr'>sitientis</span> <span class='ocrx_word' id='word_1_277' title='bbox 858 3493 952 3549; x_wconf 73' lang='lat' dir='ltr'>Sirius</span> <span class='ocrx_word' id='word_1_278' title='bbox 966 3491 1060 3549; x_wconf 73' lang='lat' dir='ltr'>indes</span> <span class='ocrx_word' id='word_1_279' title='bbox 1227 3502 1267 3538; x_wconf 73' lang='lat' dir='ltr'>us</span> 
     </span>
     <span class='ocr_line' id='line_1_42' title="bbox 360 3559 1123 3647; baseline 0.02 -39"><span class='ocrx_word' id='word_1_280' title='bbox 360 3559 494 3614; x_wconf 78' lang='lat' dir='ltr'>Ardebat</span> <span class='ocrx_word' id='word_1_281' title='bbox 510 3566 596 3630; x_wconf 76' lang='lat' dir='ltr'>caeto,</span> <span class='ocrx_word' id='word_1_282' title='bbox 616 3571 650 3623; x_wconf 87' lang='lat' dir='ltr'>et</span> <span class='ocrx_word' id='word_1_283' title='bbox 666 3572 804 3630; x_wconf 88' lang='lat' dir='ltr'>medium</span> <span class='ocrx_word' id='word_1_284' title='bbox 823 3572 870 3630; x_wconf 85' lang='lat' dir='ltr'>sol</span> <span class='ocrx_word' id='word_1_285' title='bbox 888 3574 995 3647; x_wconf 81' lang='lat' dir='ltr'>igneus</span> <span class='ocrx_word' id='word_1_286' title='bbox 1013 3569 1123 3628; x_wconf 79' lang='lat' dir='ltr'>orbem</span> 
     </span>
    </p>
   </div>
   <div class='ocr_carea' id='block_1_4' title="bbox 0 0 1626 4159">
    <p class='ocr_par' dir='ltr' id='par_1_4' title="bbox 0 0 1626 4159">
     <span class='ocr_line' id='line_1_43' title="bbox 0 0 1626 4159; baseline 0 4"><span class='ocrx_word' id='word_1_287' title='bbox 0 0 1626 4159; x_wconf 95' lang='lat' dir='ltr'> </span> 
     </span>
    </p>
   </div>
  </div>
 </body>
</html>
