3242 4159
651 530 857 581 GEORGIGON
875 532 943 583 LIB.
962 532 985 583 1.
1185 488 1195 502 ·
1213 532 1244 583 27

384 614 490 671 Elicitl
506 612 554 669 illa
570 614 671 681 cadens
688 628 799 666 raucum
816 628 867 681 per
883 612 953 666 levia
970 629 1092 666 murmur

383 692 461 745 Saxa
477 691 539 756 ciet,
558 685 744 758 scatebrisque
763 689 867 742 arentia
885 691 1022 757 temperat
1040 706 1111 743 arva.
1208 703 1245 741 uo

385 766 469 835 Quid,
487 767 541 835 qui,
558 783 594 821 ne
611 766 729 835 gravidis
746 764 907 831 procumbat
925 764 1028 818 cfflmus
1047 766 1144 831 aristis,

383 841 537 895 ernriem
554 846 678 910 segetum
696 844 793 894 tenera
811 839 934 908 depascit
950 844 978 896 in
996 841 1088 907 herba,

384 917 458 972 Cum
475 917 593 986 primum
611 918 698 971 sulcos
715 919 835 985 aequant
853 920 932 971 satal
951 919 1051 987 quique
1068 917 1174 987 paludis

384 993 539 1047 Collectum
556 992 698 1047 humorem
715 991 808 1046 bibula
826 992 937 1047 deducit
955 1011 1045 1062 arena,

383 1068 554 1122 Praesertim
570 1069 682 1122 incertis
700 1068 723 1121 si
740 1068 877 1121 mensibus
895 1071 981 1123 amnis
998 1070 1138 1123 abundans
1208 1084 1244 1121 115

383 1145 461 1211 Exit,
480 1147 510 1198 et
527 1144 645 1198 obducto
663 1145 718 1198 late
736 1146 815 1197 tenet
832 1146 920 1198 omnia
937 1146 1007 1214 limo,

382 1220 471 1275 Unde
488 1236 569 1274 cavae
586 1220 681 1289 tepido
698 1220 798 1273 sudant
815 1218 928 1274 humore
945 1223 1076 1276 lacunael

421 1297 450 1351 N
451 1312 482 1350 ec
488 1299 587 1364 tamen,
593 1296 660 1350 haec
667 1313 728 1349 cum
735 1296 790 1349 sint
797 1294 1244 1366 hominumqueboumquelabores

383 1372 532 1427 Versando
550 1374 653 1427 terram
672 1372 785 1440 experti,
803 1372 869 1426 nihil
886 1373 1016 1441 inprobus
1033 1390 1112 1427 anser

382 1448 612 1517 Strymoniaeque
628 1465 710 1517 grues
728 1450 758 1501 et
775 1449 874 1501 amaris
891 1449 978 1502 intiba
995 1449 1071 1502 fibris
1208 1464 1244 1501 rm

384 1524 515 1579 Officiunt
532 1528 581 1578 aut
598 1524 695 1578 umbra
712 1528 799 1577 nocet.
837 1524 922 1578 Pater
938 1527 997 1594 ipse
1014 1526 1119 1580 colendi

383 1598 473 1654 Haud
489 1599 595 1654 facilem
613 1617 673 1654 esse
690 1601 760 1654 viam
778 1601 871 1669 voluit,
888 1603 1046 1672 primusque
1062 1618 1113 1669 per
1130 1604 1219 1654 artem

383 1675 475 1730 Movit
493 1692 579 1744 agros,
597 1677 669 1729 curis
687 1693 785 1730 acuens
802 1678 930 1731 mortalia
947 1679 1036 1746 corda,

384 1752 446 1805 Nec
462 1754 574 1819 torpere
592 1753 669 1819 gravi
686 1768 782 1820 passus
800 1770 849 1805 sua
867 1770 951 1821 regna
969 1757 1089 1806 veterno.

385 1828 464 1882 Ante
483 1827 577 1882 Iovem
595 1828 661 1881 nulli
678 1828 841 1896 subigebant
859 1846 924 1884 arva
941 1829 1045 1895 coloni;
1209 1841 1245 1879 ras

384 1903 413 1956 N
414 1920 431 1957 e
449 1904 557 1971 signare
575 1904 685 1973 quidem
703 1908 752 1958 aut
769 1906 865 1974 partiri
883 1906 970 1960 limite
987 1922 1112 1975 eampum

385 1979 443 2033 Fas
460 1982 534 2046 erate
551 1980 581 2033 in
597 1979 719 2033 medium
737 1981 915 2051 quaerebant,
932 1982 1045 2052 ipsaque
1062 1981 1144 2035 tellus

385 2054 487 2109 Omnia
503 2054 622 2123 liberius,
639 2055 714 2109 nullo
732 2060 869 2126 poscente,
886 2058 1000 2113 ferebat.

385 2130 441 2184 Ille
458 2130 559 2185 malum
576 2130 651 2185 virus
669 2132 842 2200 serpentibus
859 2134 968 2189 addidit
985 2135 1060 2202 atris,

385 2206 576 2276 Praedarique
593 2207 670 2276 lupos
687 2207 774 2277 iussit,
792 2212 961 2279 pontumque
978 2210 1088 2277 moveri,
1210 2221 1245 2260 1³⁰

385 2282 526 2352 Mellaque
544 2283 664 2338 decussit
681 2284 760 2351 foliis,
778 2285 924 2355 ignemque
942 2286 1065 2352 removit,
1230 2292 1233 2296 ’

384 2359 425 2412 Ilt
442 2359 542 2427 passim
557 2359 625 2413 rivis
642 2360 780 2414 currentia
797 2362 862 2414 vina
875 2363 1014 2430 repressit,

384 2434 428 2488 Ut
446 2435 534 2489 varias
551 2451 617 2489 usus
633 2436 792 2490 meditando
811 2437 977 2493 extunderet
994 2436 1061 2490 artis

384 2509 532 2579 Paulatim,
550 2514 581 2565 et
598 2511 680 2565 sulcis
696 2512 827 2566 frumenti
846 2514 991 2580 quaereret
1010 2510 1132 2576 herbam,
1162 2561 1165 2565 .

384 2586 429 2640 Ut
446 2585 527 2640 silicis
545 2587 621 2641 venis
639 2589 794 2642 abstmsum
813 2587 962 2642 excuderet
979 2588 1077 2655 ignem.
1210 2606 1243 2645 ras

345 2673 351 2681 ·
384 2663 462 2718 Tune
479 2662 554 2717 alnos
571 2664 689 2732 primum
706 2665 781 2718 fluvii
799 2681 909 2719 sensere
926 2668 1052 2730 cavatas3
1152 2673 1154 2676 ’

383 2739 488 2792 Navita
505 2743 566 2794 tum
584 2740 671 2795 stellis
690 2757 818 2795 numeros
836 2744 866 2795 et
883 2743 992 2795 nomina
1008 2740 1082 2808 fecit,

384 2814 521 2883 Pleiadas,
541 2815 661 2885 Hyadas,
681 2818 837 2886 claramque
856 2817 986 2884 Lycaonis
1005 2818 1129 2882 Arct0n3

383 2888 455 2946 Tum
472 2891 577 2960 laqueis
596 2896 707 2962 captare
726 2893 806 2961 feras,
826 2897 855 2948 et
873 2893 968 2947 fallere
985 2894 1057 2948 visco

383 2966 542 3036 Inventum,
561 2970 591 3022 et
608 2985 721 3036 magnos
741 2970 854 3023 canibus
872 2969 1041 3023 circumdare
1058 2968 1149 3022 saltus.
1210 2981 1246 3018 rso

383 3046 482 3111 Atque
500 3044 568 3098 alius
586 3044 673 3098 latum
691 3045 777 3099 funda
793 3047 848 3100 iam
867 3046 995 3100 verberat
1012 3061 1126 3108 amnem,
1256 3054 1258 3057 ⁴

341 3139 346 3153 ·
384 3119 454 3173 Alta
471 3123 578 3188 petens,
597 3121 748 3190 pelagoque
766 3122 835 3176 alius
853 3122 940 3178 trahit
958 3121 1071 3176 humida
1087 3118 1149 3171 lina.

386 3194 454 3249 Pum
471 3196 539 3250 ferri
556 3198 631 3265 rigor
649 3201 732 3267 atque
751 3202 865 3268 argutae
882 3199 984 3254 lamina
1001 3211 1137 3262 serrae,-

385 3272 412 3325 N
413 3288 458 3326 am
475 3274 558 3343 primi
575 3275 667 3328 cuneis
685 3275 847 3330 scindebant
865 3276 948 3329 fissile
965 3275 1100 3341 lignum-

387 3348 453 3402 Pom
473 3350 563 3402 retiae
581 3366 680 3405 uenere
697 3354 780 3408 artes.
818 3352 912 3409 Labor
931 3350 1024 3408 omma
1038 3348 1116 3404 uicit·
1224 3360 1262 3396 us

370 3422 513 3505 Inprobus
531 3426 561 3476 et
578 3424 657 3479 duris
676 3446 801 3499 urguens
820 3434 851 3489 in
869 3433 960 3489 rebus
981 3431 1106 3503 egestas.

357 3492 454 3543 ana
475 3494 563 3549 Oetes
580 3499 818 3567 ferromortalis
838 3516 959 3570 vertere
979 3515 1097 3569 terram

345 3558 486 3632 Imm,
506 3584 571 3627 eum
591 3576 652 3636 iam
671 3584 806 3653 glandes
827 3595 927 3665 atque
944 3592 1066 3650 arbuta
1082 3598 1190 3643 tuem
