3242 4159
645 534 833 585 AENEIDOS
850 536 920 586 LIB.
938 537 991 586 XI.
1198 544 1246 593 293

337 655 339 678 ,
393 618 536 682 Quaenam
553 632 602 670 ros
618 618 697 670 tanto
714 616 825 670 fortuna
842 616 963 686 indigna,
981 617 1080 686 Latini,

337 681 340 770 l
393 692 528 762 Inplicuit
545 692 623 760 bello,
641 692 689 762 qui
707 709 757 746 nos
774 692 887 760 fugiatis
905 693 1022 748 amicost

337 818 342 830 ,
393 770 495 824 Pacem
512 785 557 823 me
574 769 707 822 exanimis
725 772 755 822 et
772 769 872 823 Martis
890 773 964 823 sorte
982 770 1133 838 peremptis
1211 784 1247 824 no

337 871 339 894 ι
392 846 505 900 Oratisl
524 845 652 914 equidem
671 847 702 899 et
718 844 787 899 vivis
805 845 955 899 concedere
972 846 1079 900 vellem.

391 922 421 975 N
423 938 455 976 ec
471 921 541 989 reni,
559 920 611 973 nisi
628 921 687 974 fata
704 920 793 975 locum
811 921 960 989 sedemque
980 921 1135 988 dedissent;

391 998 421 1051 N
423 1014 455 1051 ec
474 996 575 1051 bellum
594 1001 757 1065 cumgente
775 1014 857 1066 gem:
875 1014 925 1052 rex
943 1002 1038 1052 nostra
1055 998 1166 1066 reliquit

391 1074 531 1142 Hospitia,
549 1076 579 1127 et
597 1073 681 1126 Turni
699 1073 792 1142 potins
808 1090 839 1127 se
856 1073 976 1128 credidit
994 1074 1086 1129 armis.

391 1150 520 1218 Aequius
538 1149 601 1203 huic
618 1149 738 1202 Turnum
756 1149 847 1203 fuerat
865 1166 895 1204 se
913 1166 1050 1219 opponere
1066 1150 1155 1207 morti
1205 1155 1246 1205 ’111

390 1226 424 1281 Si
440 1225 544 1279 bellum
564 1224 643 1278 finim
661 1241 751 1291 manu,
772 1225 796 1278 si
814 1226 917 1294 pellere
937 1226 1056 1280 Teucros

391 1302 528 1370 Apparet,
546 1301 588 1354 his
606 1317 713 1355 mecum
731 1301 825 1356 decuit
842 1318 1004 1356 concurrere
1022 1302 1100 1367 telis3

389 1377 487 1445 Vixet,
505 1377 549 1432 oni
566 1377 652 1431 vitam
671 1376 739 1431 deus
757 1381 805 1431 aut
823 1394 872 1431 sua
890 1377 990 1432 dextra
1007 1378 1136 1432 dedisset

388 1453 420 1507 N
421 1469 475 1507 unc
491 1453 531 1508 ite
548 1455 579 1507 et
595 1452 703 1507 miseris
720 1454 867 1523 supponite
885 1453 989 1508 civibus
1006 1454 1105 1521 ignem.

389 1523 511 1583 Dixerat
530 1530 645 1583 Aeneas
683 1529 728 1582 Illi
748 1528 906 1598 obstipuere
924 1530 1041 1595 silentes,
1207 1546 1245 1585 1ao

389 1605 578 1673 Conversique
597 1604 688 1659 oculos
707 1605 780 1659 inter
799 1623 830 1659 se
848 1609 933 1674 atque
954 1623 1002 1660 ora
1020 1606 1159 1661 tenebant.

388 1681 463 1735 Tum
481 1682 577 1748 senior,
595 1698 757 1749 semperque
774 1681 845 1735 odiis
862 1684 892 1735 et
909 1683 1023 1735 crimine
1040 1682 1162 1737 Drances

389 1756 521 1811 Infensus
538 1757 628 1811 iuveni
647 1757 738 1810 Turno
756 1756 795 1810 sic
812 1773 859 1811 ore
877 1757 995 1811 vicissim

389 1832 465 1886 Orsa
481 1833 579 1887 refert:
598 1832 622 1885 Ο
640 1833 712 1885 fama
729 1833 832 1900 ingens,
849 1832 987 1901 ingentior
1003 1832 1094 1901 armis,

389 1907 446 1961 Vir
464 1908 586 1975 Troiane,
605 1907 705 1977 quibus
722 1908 796 1963 caelo
814 1912 844 1963 te
862 1908 989 1963 laudibus
1006 1910 1137 1977 aequem?
1206 1925 1243 1965 ms

390 1984 556 2038 Iustitiaene
572 1985 650 2053 prius
668 1984 758 2052 mirer,
777 1984 878 2038 belline
896 1984 1039 2039 laborum?

389 2060 451 2114 Nos
470 2077 534 2115 vero
552 2060 621 2114 haec
637 2060 755 2129 patriam
773 2061 846 2129 grati
863 2062 1015 2115 referemus
1032 2061 1069 2115 ad
1085 2060 1189 2128 urbem,

389 2136 430 2189 Et
446 2139 484 2201 te,
503 2135 526 2189 si
544 2152 598 2204 qua
615 2136 687 2190 viam
706 2136 817 2191 dederit
824 2129 952 2205 'samona
971 2137 1070 2191 Latino

390 2212 542 2280 Iungamus
559 2211 624 2279 regi.
661 2211 780 2277 Quaerat
800 2211 853 2266 sibi
871 2213 983 2266 foedera
1001 2214 1115 2267 Turnus

390 2288 465 2353 Quin
482 2291 512 2342 et
528 2287 620 2342 fatalis
637 2303 777 2342 murorum
794 2289 922 2342 attollere
940 2288 1032 2355 moles,
1206 2303 1243 2343 rso

389 2363 519 2431 Saxaque
537 2362 699 2418 subvectare
717 2364 839 2417 humeris
858 2364 974 2416 Troiana
991 2363 1103 2418 iuvabit

389 2438 509 2493 Dixerat
525 2439 601 2505 haec,
618 2456 727 2508 unoque
745 2455 840 2493 omnes
859 2438 955 2492 eadem
974 2455 1022 2492 ore
1039 2439 1201 2494 fremebant.
1232 2451 1234 2456 '

390 2513 440 2566 Bis
457 2530 537 2568 senos
554 2515 685 2584 pepigere
703 2515 770 2582 dies,
789 2518 819 2569 et
836 2531 903 2583 pace
922 2518 1066 2582 sequestra

390 2589 446 2659 Per
463 2590 545 2644 silvas
563 2591 660 2645 Teucri
677 2591 812 2660 mixtique
829 2592 930 2659 inpune
949 2590 1042 2645 Latini

388 2665 524 2719 Erravere
540 2665 620 2734 iugis
656 2666 742 2720 Ferro
761 2657 841 2720 sonat
858 2667 913 2721 icta
931 2666 1044 2735 bipenni
1205 2683 1242 2721 ras

389 2740 540 2807 Fraxinum
558 2744 686 2796 evertunt
703 2746 778 2796 actas
796 2742 834 2796 ad
851 2742 943 2797 sidera
960 2743 1052 2812 pinos;

389 2816 501 2870 Robora
518 2834 568 2871 nec
585 2818 678 2872 cuneis
696 2821 726 2872 et
743 2818 863 2872 olentem
882 2819 1008 2873 scindere
1024 2821 1143 2889 cedrum,

387 2892 415 2946 N
418 2908 450 2947 ec
467 2893 596 2960 plaustris
613 2897 721 2948 cessant
738 2898 848 2949 vectare
865 2895 1040 2963 gementibus
1057 2912 1145 2950 ornos.

424 2967 463 3022 ut
479 2968 534 3022 iam
553 2968 638 3021 Fama
654 2970 756 3037 volans,
772 2970 844 3024 tanti
862 2972 1026 3037 praenuntia
1043 2972 1140 3038 luctus,

388 3041 547 3096 Euandrum
567 3044 745 3113 Euandrique
763 3045 859 3099 domos
877 3050 906 3100 et
924 3047 1032 3100 moenia
1048 3047 1146 3115 replet,
1205 3061 1242 3100 rso

388 3117 465 3183 Quae
482 3118 564 3172 modo
582 3118 713 3174 victorem
730 3119 810 3174 Latio
831 3121 957 3174 Pallanta
976 3121 1089 3177 ferebat

387 3194 514 3247 Arcades
529 3195 566 3249 ad
585 3199 679 3263 portas
694 3212 783 3265 ruere,
802 3200 832 3250 et
854 3197 889 3250 de
909 3214 984 3251 more
1003 3200 1113 3251 vetusto

387 3269 528 3324 Funereas
548 3287 663 3339 rapuere
681 3272 768 3337 faees3
787 3272 861 3327 lucet
877 3272 922 3326 via
941 3273 1021 3341 longo

387 3344 497 3410 Ordine
513 3346 691 3411 flammarum,
713 3351 742 3403 et
757 3347 815 3402 late
832 3348 1003 3403 discriminat
1021 3365 1106 3416 agros

387 3421 492 3476 Contra
510 3422 592 3476 turba
611 3423 751 3493 Phrygum
769 3424 887 3481 veniens
903 3426 1071 3496 plangentia
1083 3425 1199 3501 iunge
1214 3435 1260 3470 ns

376 3497 506 3562 Agmine
545 3499 624 3564 Quae
642 3506 799 3574 postquam
820 3509 933 3561 matres
954 3501 1117 3558 succedere
1132 3496 1227 3549 aeetae

370 3566 516 3641 Wdflfflflb
534 3579 681 3637 maestam
699 3580 872 3642 incendunt
890 3579 1079 3640 elamoribus
1089 3571 1219 3629 urbm
