3242 4159
583 554 586 564 ·
654 536 865 587 GEORGIOON
883 538 952 587 LIB.
972 538 1010 587 ΙΙ.
1228 540 1259 588 39

402 619 573 687 Exspectant
590 619 619 671 et
636 616 696 670 viva
715 634 764 671 sua
781 618 917 687 plantaria
934 621 1025 682 tena;

402 698 428 749 N
432 696 451 749 il
470 694 568 747 radicis
586 695 669 761 egent
687 693 763 759 aliae,
781 710 970 760 summumque
987 696 1099 763 putator

402 771 490 824 Haud
507 769 615 823 dubitat
633 772 725 823 terrae
743 768 865 822 referens
882 769 1013 823 mandare
1029 785 1171 835 cacumen;

401 848 474 911 Quin
493 849 522 899 11
539 845 694 898 caudicibus
712 844 953 898 sectis—mirabile
972 845 1083 899 dictu—
1232 860 1259 900 aa

400 924 534 977 Truditur
551 939 567 975 e
585 923 653 974 sicco
672 921 751 974 radix
770 920 894 988 oleagina
911 922 998 989 ligno;

400 1000 440 1053 Et
459 1014 540 1067 saepe
556 996 669 1051 alterius
687 1014 777 1051 ramos
794 997 897 1065 inpune
914 997 1038 1050 uidemus

400 1075 520 1129 Vertere
537 1074 565 1127 in
583 1074 703 1142 alterius,
721 1075 910 1141 mutatamque
927 1070 1008 1126 insita
1025 1074 1097 1128 mala

400 1151 488 1204 Ferre
505 1151 602 1219 pirum,
621 1152 651 1202 11
667 1151 762 1218 prunis
779 1148 903 1217 lapidosa
920 1148 1065 1203 rubescere
1082 1166 1169 1204 corna

436 1226 527 1290 Quare
545 1225 618 1293 agite
637 1242 660 1293 o,
679 1226 803 1293 proprios
820 1225 973 1291 generatim
992 1224 1087 1279 discite
1104 1226 1199 1293 cultus,
1231 1242 1257 1283 11

400 1303 553 1371 Agricolae,
572 1303 732 1371 fructusque
750 1301 825 1354 feros
842 1300 945 1354 mollite
964 1301 1084 1367 colendo,

399 1379 465 1431 Neu
481 1394 579 1447 segnes
596 1378 703 1431 iaceant
721 1380 820 1430 terrae.
857 1376 939 1430 Iuvat
958 1376 1064 1430 Ismara
1081 1377 1188 1433 Baccho

399 1455 559 1523 conserere,
577 1456 661 1521 atque
679 1454 739 1507 olea
756 1470 887 1522 magnum
904 1452 1006 1507 vestire
1025 1452 1187 1510 Taburnum.

399 1530 495 1599 Tuque
513 1530 586 1600 ades,
604 1530 798 1599 inceptumque
815 1545 869 1583 una
887 1528 1002 1583 decurre
1018 1530 1147 1597 laborem,

399 1605 424 1661 Ο
445 1605 535 1674 decus,
553 1622 569 1661 o
587 1606 677 1660 famae
695 1606 793 1660 merito
811 1622 876 1675 pars
894 1623 1022 1660 maxuma
1039 1610 1156 1673 nostrae,
1231 1619 1258 1660 11

399 1681 552 1750 Maecenas,
570 1681 722 1751 pelagoque
739 1682 833 1736 volans
852 1681 888 1735 da
905 1682 966 1735 vela
983 1683 1097 1751 patent'u
1194 1749 1196 1751 V

398 1758 426 1811 N
428 1775 463 1811 on
481 1775 532 1826 ego
550 1762 648 1812 cuncta
666 1759 734 1812 meis
752 1757 880 1826 amplecti
897 1757 1022 1811 uersibus
1039 1759 1111 1826 opto,

397 1834 471 1901 Non,
489 1834 554 1887 mihi
573 1833 595 1887 si
612 1833 721 1901 linguae
739 1837 848 1887 centum
867 1832 928 1897 sint,
946 1850 1048 1902 oraque
1064 1836 1182 1898 centum,

398 1910 503 1965 Ferrea
520 1925 587 1974 von;
605 1908 679 1978 ades,
698 1912 727 1963 11
744 1909 826 1979 primi
843 1909 904 1977 lege
922 1909 1010 1963 litoris
1027 1904 1125 1975 onam,⁹

398 1986 435 2041 ln
447 1981 576 2038 manibus
594 1987 701 2051 terrae,
719 2001 773 2038 non
791 1985 835 2039 hic
852 1987 881 2038 tc
899 1985 1018 2039 carmine
1035 1985 1100 2039 ficto
1230 1997 1256 2037 11

398 2063 495 2129 Atque
511 2076 562 2129 per
580 2060 711 2129 ambages
729 2063 758 2115 ct
775 2060 857 2128 longa
875 2078 972 2117 exorsa
989 2062 1096 2117 tenebo.

435 2136 537 2205 Sponte
556 2152 605 2191 sua
622 2154 692 2206 quae
711 2153 740 2191 sc
758 2136 860 2190 tollunt
877 2136 906 2189 in
923 2136 1031 2191 luminis
1049 2153 1117 2202 oras,

399 2211 552 2278 Infecunda
569 2212 687 2282 quidem,
705 2212 755 2266 sed
772 2212 847 2266 laeta
864 2216 895 2267 et
913 2213 997 2267 fortia
1014 2216 1144 2281 mrgunt;

399 2288 507 2356 Quippe
519 2288 576 2345 solo
588 2291 687 2342 natura
699 2288 801 2342 subest.
840 2288 943 2342 Tamen
955 2289 1023 2343 haec
1034 2304 1149 2356 quoque,
1162 2290 1184 2341 si
1196 2286 1256 2356 quis

399 2364 518 2432 luserat,
537 2367 586 2421 aut
604 2363 744 2417 scrobibus
761 2364 875 2418 mandet
892 2368 999 2418 mutata
1016 2363 1143 2431 subactis,
1230 2376 1256 2417 11

399 2440 536 2494 Exuerint
554 2440 707 2494 silvestrem
725 2441 853 2506 animum,
871 2440 1000 2507 cultuque
1017 2438 1154 2511 frequenti

399 2515 437 2569 In
455 2530 638 2584 quascumque
655 2532 735 2569 voces
754 2516 821 2569 artis
839 2514 913 2568 haud
931 2514 1012 2568 tarda
1029 2517 1184 2583 sequentur.

398 2590 427 2644 N
429 2607 460 2645 ec
477 2607 530 2644 non
549 2594 578 2645 et
595 2592 703 2659 sterilis,
722 2608 791 2661 quae
811 2590 941 2659 stirpibus
958 2591 1016 2646 exit
1032 2590 1067 2645 ab
1083 2590 1152 2660 imis,

399 2666 463 2720 Hoc
479 2666 567 2734 faciet,
586 2683 685 2727 vacuos
703 2668 726 2721 11
744 2668 780 2721 111
799 2667 907 2735 digesta
924 2684 975 2736 per
992 2684 1090 2737 agros;

398 2742 481 2797 Nunc
498 2743 571 2798 altae
590 2743 700 2797 frondes
718 2746 746 2797 et
764 2743 834 2797 rami
851 2745 947 2798 matris
964 2747 1086 2814 opacant,
1232 2758 1257 2797 11

399 2820 596 2888 crescentique
615 2818 740 2873 adimunt
758 2819 840 2887 fetus,
857 2824 995 2889 uruntque
1011 2821 1154 2876 ferentem.

399 2895 469 2962 Iam,
488 2912 559 2964 quac
577 2894 725 2949 seminibus
742 2894 820 2948 iactis
838 2911 868 2949 11
886 2896 996 2951 sustulit
1012 2896 1101 2966 arbos,

399 2971 491 3024 Tarda
508 2971 589 3045 uenit,
608 2971 676 3024 seris
694 2970 800 3024 factura
818 2973 964 3041 nepotibus
979 2973 1112 3041 umbram,
1155 2980 1158 2986 '

400 3046 541 3116 Pomaque
560 3047 730 3115 degenerant
748 3063 827 3101 sucos
845 3048 932 3102 oblita
948 3050 1059 3118 priores,

399 3122 439 3177 Et
455 3124 545 3192 turpis
561 3124 656 3177 auibus
674 3122 805 3192 praedam
823 3124 878 3177 fert
895 3141 948 3178 uva
964 3140 1092 3178 racemos.
1230 3136 1255 3174 oo

435 3198 544 3253 Scilicet
562 3199 747 3254 111111111“111
764 3198 843 3252 labor
859 3200 1056 3270 inpendendus,
1074 3201 1103 3253 et
1120 3210 1214 3252 omnes
1258 3230 1261 3235 -

400 3275 547 3344 Cogendae
564 3276 592 3329 in
611 3277 723 3345 sulcum,
740 3291 772 3329 ac
789 3275 878 3330 multa
894 3276 1020 3330 mercede
1037 3274 1197 3329 domandae.

393 3350 453 3402 Sed
469 3352 573 3404 truncis
589 3352 667 3420 oleae
684 3353 793 3426 melius,
813 3354 966 3428 propagine
983 3353 1059 3409 uites

381 3420 573 3507 Respondent,
592 3429 685 3484 solido
706 3432 837 3506 Paphiae
858 3436 896 3493 de
915 3434 1025 3492 robore
1040 3433 1178 3503 myrtum,

356 3489 479 3612 {lentis
495 3502 527 3551 et
546 3501 639 3561 durae
656 3512 750 3583 coryli
771 3520 954 3587 nascuntur,
971 3518 1007 3572 et
1023 3514 1134 3584 'ungens

380 3577 507 3639 'mma
526 3574 765 3662 Remuleacque
786 3593 885 3655 arbos
900 3595 1060 3655 umbrosa
1076 3594 1224 3648 <mm
