3242 4159
617 522 802 576 AENEIDOS
824 522 894 571 LIB.
918 520 984 570 VII.
1176 516 1226 566 ula

366 613 437 669 Non
453 608 544 682 patrio
561 625 597 664 ex
614 608 697 677 adyto
715 609 810 670 sortes,
827 620 883 657 non
899 602 1018 673 plurima
1034 599 1111 655 caclo

367 689 498 744 Monstra
514 686 622 750 sinrmt;
639 699 754 752 generos
771 680 894 736 extemis
911 678 1007 733 adiere
1025 676 1060 730 ab
1077 676 1139 745 oris,
1186 689 1225 729 aro

368 766 436 820 Hoc
453 763 532 817 Latio
549 764 655 815 restare
672 761 780 824 canunt,
798 757 846 826 qni
864 756 997 824 sanguine
1013 756 1138 807 nostrum

367 841 481 896 Nomen
498 839 526 892 in
543 833 620 891 astri.
635 835 732 889 ferant.
770 834 852 887 Hunc
868 832 947 887 illum
963 845 1076 901 poseere
1093 828 1151 882 fata

367 917 410 972 Et
427 932 497 982 reor,
515 917 552 980 et,
570 913 592 967 si
611 911 677 982 quid
694 911 752 964 veri
770 927 848 964 mens
865 912 990 978 augurat,
1008 910 1080 976 opto.

367 993 453 1048 Haec
470 990 569 1046 effatus
586 1004 671 1057 equos
687 1003 800 1041 numero
818 988 899 1055 pater
916 985 996 1054 eligit
1013 981 1093 1037 omni.

368 1066 489 1124 Stabant
507 1068 679 1120 tercentum
696 1062 778 1117 nitidi
795 1062 825 1115 in
842 1062 1021 1132 praesepibus
1039 1058 1109 1113 altis.
1190 1070 1227 1112 275

368 1142 508 1198 Omnibus
525 1140 663 1209 extemplo
682 1139 792 1194 Teucris
809 1138 888 1192 iubet
906 1138 1001 1192 ordine
1019 1135 1082 1191 duci

369 1220 512 1275 Instratos
529 1221 604 1271 ostro
622 1215 744 1285 alipedes
761 1214 898 1284 pictisque
916 1214 1032 1282 tapetis;

369 1296 470 1350 Aurea
486 1292 644 1364 pectoribus
662 1292 780 1345 demissa
797 1289 908 1344 monilia
924 1290 1061 1358 pendent3

369 1371 452 1426 Tecti
469 1387 544 1437 auro,
560 1369 664 1423 fulvum
680 1368 815 1421 mandunt
832 1365 883 1419 sub
901 1364 1031 1420 dontibus
1047 1381 1159 1431 aurum3

371 1446 496 1503 Absenti
516 1448 627 1500 Aeneae
643 1460 753 1498 currum
770 1442 950 1512 geminosque
966 1442 1065 1511 iugalis
1191 1454 1228 1494 rsa

371 1523 485 1580 Semlne
502 1520 538 1575 ab
555 1522 683 1588 aetherio,
702 1520 832 1589 spirantis
849 1517 961 1574 naribus
977 1519 1076 1587 ignem,

373 1599 490 1654 Illorum
508 1597 544 1650 de
561 1601 651 1665 gente,
668 1596 740 1665 patri
759 1611 827 1664 quos
845 1594 961 1649 daedala
979 1595 1057 1649 Circo

372 1673 523 1743 Supposita
541 1672 576 1727 de
594 1676 682 1726 matre
700 1671 798 1725 nothos
815 1671 907 1724 furata
925 1671 1036 1726 creavit.

373 1749 488 1805 Talibus
507 1748 655 1803 Aeneadae
674 1747 752 1802 donis
771 1746 909 1815 dictisque
927 1745 1019 1800 Latini

374 1826 514 1883 Sublimes
531 1826 560 1878 in
578 1825 655 1893 equis
673 1824 799 1890 redeunt,
817 1838 969 1892 pacemque
986 1823 1136 1891 reportant.
1192 1835 1230 1876 aas

413 1902 483 1956 Ilcce
501 1904 594 1955 autem
612 1900 732 1954 Inachiis
750 1915 810 1954 sese
827 1898 966 1953 referebat
983 1897 1019 1952 ab
1038 1897 1123 1966 Argis

375 1977 466 2033 Saeva
484 1977 557 2030 lovis
575 1976 699 2044 coniunx,
717 1992 853 2045 aurasque
870 1975 979 2029 invecta
996 1972 1119 2043 tenebat,

376 2054 417 2109 Et
433 2053 536 2107 laetum
555 2054 668 2106 Aenean
687 2052 857 2121 classemque
875 2067 909 2104 cx
927 2051 1040 2106 aethere
1056 2049 1138 2119 longe

377 2128 547 2185 Dardaniam
565 2128 656 2182 Siculo
672 2127 814 2198 prospexit
832 2127 972 2197 abusque
990 2127 1123 2193 Pachyno.

377 2206 472 2261 Moliri
489 2205 543 2258 iam
561 2207 637 2258 tectu
654 2204 738 2270 videt,
756 2202 810 2257 iam
828 2204 915 2257 fidere
932 2208 1031 2272 terrac,
1195 2217 1231 2259 29⁰

378 2281 541 2336 Deseruisse
558 2283 640 2334 rates.
677 2280 762 2334 Stetit
779 2279 835 2333 acri
852 2280 908 2333 fixa
926 2280 1026 2335 dolore.

379 2358 450 2412 Tum
468 2373 599 2427 quassans
615 2360 698 2426 caput
715 2358 782 2410 haec
799 2356 916 2410 effundit
931 2360 1043 2425 pectore
1061 2356 1148 2411 dicta:

379 2434 447 2489 Heu
464 2433 578 2501 stirpem
596 2433 718 2500 inrisam,
737 2437 767 2487 ct
783 2434 848 2487 fatis
865 2432 1002 2485 contraria
1018 2434 1118 2487 nostris

380 2510 453 2564 Fata
471 2508 623 2577 Phrygum!
643 2525 708 2562 num
727 2509 816 2577 Sigeis
834 2507 995 2562 occumbere
1013 2508 1121 2577 campis,

380 2586 456 2641 Num
473 2586 547 2654 capti
564 2588 680 2654 potuero
698 2585 757 2655 capi
763 2587 773 2639 ‘l
790 2600 856 2637 num
874 2584 982 2638 incensa
998 2584 1128 2640 cremavit
1197 2597 1234 2638 aas

380 2660 463 2715 Troia
480 2662 570 2715 virosl
588 2661 693 2715 medius
710 2662 781 2715 acics
798 2660 958 2728 mediosque
975 2677 1026 2730 per
1042 2661 1112 2730 iguis

382 2738 518 2791 Invenere
535 2738 614 2791 viam.
650 2740 699 2805 At,
717 2736 807 2805 credo,
824 2754 886 2791 mea
902 2738 1013 2791 numina
1030 2738 1142 2793 tandem

381 2813 469 2867 Fessa
486 2813 583 2882 iacent,
603 2813 673 2867 odiis
691 2817 738 2867 aut
757 2817 916 2867 exsaturata
934 2813 1060 2882 quievi-

382 2889 457 2954 Quin
474 2890 557 2943 etiam
575 2890 665 2957 patria
682 2906 810 2943 excussos
828 2889 928 2943 infesta
944 2907 995 2959 per
1011 2890 1099 2944 undas

382 2966 463 3019 Ausa
480 2966 566 3034 sequi,
584 2969 614 3019 et
631 2966 753 3034 pmfugis
770 2969 830 3019 toto
848 2982 893 3019 mc
910 2982 1046 3034 opponere
1063 2968 1153 3034 ponto.
1200 2979 1236 3019 sou

382 3041 557 3111 Absumptae
574 3042 602 3095 iu
621 3042 738 3096 Teucros
755 3042 827 3095 vires
844 3042 966 3109 caelique
984 3042 1128 3111 marisque.

384 3118 459 3184 Quid
477 3118 578 3186 Syrtes,
597 3122 645 3172 aut
663 3117 751 3187 Scylla
768 3118 844 3184 mihi,
863 3117 929 3186 quid
947 3121 1024 3172 vasta
1042 3116 1194 3186 Charybdis

384 3193 512 3248 Promitr
530 3198 624 3263 optato
642 3195 796 3248 conduntur
814 3193 958 3262 Thybridis
976 3195 1059 3262 alveo,

384 3268 481 3324 Securi
499 3269 589 3338 pelagi
606 3274 690 3339 atquc
708 3271 769 3323 mei.
805 3269 881 3322 Mars
898 3270 1016 3338 perdere
1033 3272 1144 3339 gentem

385 3346 531 3399 Inmanem
549 3345 696 3415 Lapithum
714 3345 815 3411 veluit3
831 3346 966 3400 concessit
980 3346 1013 3399 in
1026 3347 1086 3400 ‘uras
1115 3355 1117 3359 '
1204 3359 1248 3394 *sss

382 3420 451 3487 Ipse
467 3420 548 3474 deum
566 3422 709 3492 antiquam
726 3423 841 3493 genitor
851 3422 1008 3495 ¹Calydona
1018 3422 1156 3482 nieuw,

372 3492 564 3626 Qvoffogetgbn}
578 3502 631 3555 aut
654 3499 798 3573 Lapithas
820 3506 952 3570 tuntum,
972 3504 1031 3558 aut
1049 3492 1211 3563 (ialydona
1226 3494 1269 3531 Μ

515 3586 544 3625 m
1019 3593 1022 3598 .
