3242 4159
638 509 846 569 caesareos
864 520 933 570 urs.
952 520 1003 570 iv.
1221 522 1253 572 rs

387 598 511 656 Germia
527 613 611 668 quam
627 598 710 666 tignis
727 599 823 653 nidum
841 600 992 669 urspendat
1008 600 1132 656 hinmdo.
1224 621 1227 630 ¹

388 676 507 730 Interea
524 675 626 729 teneris
644 675 797 742 tepefactus
815 675 843 729 in
861 676 966 730 essibus
983 676 1081 729 humor

388 754 521 819 Aestuat,
539 754 569 804 et
587 750 699 804 visenda
716 751 805 805 modis
824 751 950 805 animalia
967 746 1050 819 miris,

388 829 499 883 Trtmea
514 826 616 897 pedum
634 828 732 896 primo,
750 844 815 881 mox
832 827 862 882 ¹et
880 828 1026 881 stridentia
1041 829 1145 897 pennis,
1214 845 1251 885 310

390 905 549 973 Miscentur,
567 900 732 972 tenuemque
750 904 836 972 magis
854 905 941 972 magis
959 921 1024 957 aera
1040 908 1162 974 mrpunt,

390 981 495 1050 Donec,
511 983 544 1035 ut
561 979 672 1034 aestivis
693 980 794 1033 effusus
812 980 929 1033 nubibus
947 980 1042 1049 imber,

391 1059 523 1127 Erupere,
543 1059 592 1111 aut
609 1059 649 1124 ut,
669 1072 753 1109 nervo
770 1056 904 1125 pulsante,
923 1058 1047 1125 sagittae,
1107 1122 1111 1131 ἱ

389 1133 484 1187 Prima
501 1134 575 1187 leves
594 1133 691 1186 ineunt
709 1132 732 1185 si
752 1132 862 1201 quande
881 1133 984 1201 proelia
1002 1131 1106 1185 Parthi.

366 1248 368 1252 ψ
425 1210 494 1274 eris
506 1208 574 1263 deus
587 1208 664 1276 hanc,
677 1208 782 1276 Musae,
795 1209 856 1277 quis
868 1208 947 1261 nobis
961 1208 1071 1262 extudit
1082 1210 1188 1263 artoml
1210 1221 1248 1264 313

389 1285 473 1339 Unde
491 1302 560 1339 nova
578 1286 716 1353 ingressus
735 1285 875 1338 hominum
886 1285 1064 1353 ¹experientia
1081 1285 1172 1349 cepitl

389 1361 491 1415 Pastor
510 1362 655 1415 Aristaeus
673 1361 779 1429 tugiens
799 1360 901 1413 Peneia
919 1359 1028 1429 Tempe,

389 1436 516 1505 Amissis,
535 1440 567 1490 ut
585 1437 665 1507 fama,
685 1437 781 1519 apibus
799 1436 950 1505 morboque
967 1436 1101 1504 fameque,

388 1509 488 1567 Tristis
507 1511 543 1566 sd
560 1509 677 1566 e'xtremi
692 1505 801 1567 'sacrum
819 1516 902 1581 caput
920 1512 1028 1565 adstitit
1045 1511 1140 1580 amnis,

391 1588 480 1641 Multa
499 1604 623 1657 querens,
643 1593 728 1658 atque
745 1589 796 1642 hac
813 1588 922 1642 adfatus
940 1604 1005 1642 voce
1022 1591 1178 1655 parentem:
1211 1598 1249 1640 330

388 1663 489 1733 Mater,
510 1664 616 1733 Cyrene
633 1669 730 1733 mater,
749 1682 820 1734 quae
837 1666 955 1734 gurgitis
972 1666 1053 1719 huius

390 1739 453 1793 Ima
469 1744 555 1809 tenes,
576 1739 643 1809 quid
660 1758 705 1795 me
724 1742 864 1811 praeclara
882 1743 968 1810 stirpe
986 1741 1135 1793 deorum—

388 1813 418 1867 Si
429 1814 518 1884 medo,
528 1831 610 1885 quem
619 1816 755 1884 perhibes,
765 1820 844 1886 pater
854 1820 898 1870 est
908 1816 1092 1884 Thymbraeus
1100 1816 1234 1884 Apollo-

389 1890 513 1945 Invisum
531 1891 596 1945 fatis
615 1894 749 1961 genuistil
772 1896 821 1946 aut
840 1910 894 1961 quo
913 1892 964 1946 tibi
981 1892 1069 1945 nestri

389 1966 490 2021 Pulsus
509 1969 600 2023 amori
623 1969 689 2038 quid
706 1986 751 2023 me
770 1969 873 2022 caelum
892 1984 1003 2037 sperare
1021 1968 1152 2024 iubebas?
1209 1984 1246 2023 300

388 2044 433 2097 En
451 2044 534 2098 etiam
553 2044 623 2098 hunc
641 2046 730 2113 ipsum
748 2046 822 2099 vitae
841 2046 964 2100 mortalis
982 2046 1119 2114 honorem,

389 2120 478 2184 Quem
498 2120 565 2173 mihi
581 2120 627 2174 vix
643 2120 754 2189 frugum
773 2126 802 2175 et
819 2123 954 2191 pecudum
973 2122 1098 2176 custodia
1115 2122 1210 2175 sellem

388 2197 489 2250 Omnia
507 2197 655 2265 temptanti
674 2199 830 2265 extuderat,
848 2202 878 2252 te
896 2203 992 2267 matre,
1010 2200 1141 2267 relinquo.

389 2273 461 2336 Quin
480 2289 538 2341 age,
556 2276 585 2327 et
602 2273 661 2343 ipsa
678 2291 760 2328 manu
776 2275 863 2329 felicis
882 2292 947 2329 erue
964 2277 1052 2341 silvas,

389 2350 445 2402 Fer
457 2350 572 2403 stabulis
584 2350 722 2404 inimicum
734 2351 825 2419 ignem
837 2355 921 2419 atque
932 2351 1057 2405 interfice
1068 2349 1172 2408 messis,
1207 2361 1244 2401 330

388 2426 448 2479 Ure
467 2430 533 2492 sata
551 2429 581 2480 et
598 2426 716 2480 validam
733 2428 762 2480 in
779 2427 843 2481 vitis
861 2428 956 2480 molire
973 2427 1127 2494 bipennem,

387 2502 479 2555 Tanta
495 2518 574 2557 meae
591 2504 614 2556 si
631 2506 661 2557 te
679 2508 812 2573 ceperunt
830 2503 923 2557 taedia
941 2502 1037 2555 laudis.

388 2580 431 2631 At
449 2582 538 2633 mater
556 2580 673 2632 sonitum
692 2580 811 2633 thalamo
831 2578 1017 2636 subfluminis
1033 2576 1083 2631 alti

387 2655 488 2709 Sensit.
527 2654 595 2708 Eam
613 2656 714 2710 circum
733 2656 841 2710 Milesia
858 2655 959 2709 vellera
976 2652 1120 2724 Nymphae

387 2730 554 2800 Carpebant,
572 2730 644 2799 hyali
663 2735 757 2794 sature
773 2733 867 2786 fucata
884 2732 980 2800 colore,
1206 2743 1243 2784 335

386 2807 554 2875 Drymeque,
574 2807 748 2877 Xanthoque,
770 2808 917 2877 Ligeaque,
934 2807 1160 2877 Phyllodoceque,

387 2883 544 2937 Caesariem
562 2884 663 2939 effusae
681 2885 797 2938 nitidam
815 2902 866 2955 per
883 2886 999 2939 candida
1016 2886 1092 2952 colla,

385 2958 514 3029 [Nesaee
533 2959 659 3031 Spioque,
678 2961 834 3030 Thaliaque,
854 2960 1080 3031 Cymodoceque]

386 3036 566 3106 Cydippeque
584 3042 614 3093 et
634 3039 703 3093 flava
722 3039 856 3107 Lycorias,
875 3039 961 3092 altera
978 3039 1062 3106 virgo,

389 3111 490 3167 Altera
507 3118 566 3168 tum
584 3116 687 3184 primos
706 3116 825 3170 Lucinae
845 3120 959 3185 experta
975 3115 1090 3178 labores,
1206 3119 1243 3160 300

386 3187 503 3259 Clioque
521 3194 551 3245 et
569 3192 657 3245 Beroe
676 3209 759 3262 soror,
779 3191 954 3246 Oceanitides
972 3189 1075 3253 ambae,

386 3266 498 3321 Ambae
515 3284 589 3336 aure,
607 3269 688 3338 pictis
706 3269 839 3324 incinctae
857 3267 974 3336 pellibus
992 3262 1095 3327 ambae,

386 3344 485 3413 Atque
503 3344 620 3415 llphyre,
638 3350 721 3415 atque
740 3346 814 3415 Opis,
833 3349 863 3398 et
881 3343 948 3397 Asia
966 3340 1095 3407 Deiopea,

385 3419 424 3473 Et
441 3419 552 3474 tandem
566 3423 666 3489 positis
685 3423 764 3477 velox
784 3421 930 3478 Arethusa
946 3416 1067 3488 emetis

372 3493 457 3542 Inter
473 3509 542 3558 quas
559 3513 653 3551 euram
675 3500 812 3570 Clymene
831 3499 974 3557 narrabat
989 3498 1111 3552 inanem
1232 3496 1275 3536 Ἢ

367 3562 484 3676 Υοξωῄ
504 3566 669 3643 Martisque
689 3578 778 3636 dolos
798 3584 831 3639 et
853 3581 960 3639 dulcia
973 3580 1071 3648 intiba
