3242 4159
617 519 800 570 AENEIDOS
818 519 887 569 LIB.
905 518 971 570 v11.
1172 518 1216 569 :1⁷

362 601 446 657 Haec
463 602 533 656 adeo
551 600 603 655 tibi
620 617 672 667 me,
690 599 797 668 placida
815 616 877 653 cum
894 604 976 654 nocte
992 600 1102 668 iaceres,

364 678 434 747 Ipsa
450 677 541 746 palam
558 676 610 730 fari
627 676 797 745 omnipotens
816 676 944 729 Saturnia
960 675 1046 730 iussit.

364 754 459 819 Quare
476 768 533 820 age,
553 756 582 807 et
596 752 699 824 *armori
717 752 819 821 pubem
836 752 980 820 portisque
997 751 1100 805 moveri

363 830 469 884 laetus
485 828 514 881 in
532 831 608 882 arma
625 844 698 897 para
715 830 745 881 et
763 827 902 896 Phrygios,
920 828 967 896 qui
982 827 1092 881 flumine
1107 827 1220 896 pulchro

364 904 531 971 Consedere,
551 903 634 957 duces
652 904 794 973 pictosque
813 919 898 957 exure
915 904 1028 960 carinas.

363 981 523 1034 Caelestum
541 980 581 1034 ris
599 995 698 1046 magna
714 978 799 1033 iubet
836 980 897 1033 Rex
914 980 973 1048 ipse
991 980 1113 1050 Latinus,

364 1058 391 1111 N
394 1057 403 1110 i
423 1057 490 1110 dare
507 1056 662 1123 coniugium
680 1059 709 1109 et
727 1056 801 1109 dicto
818 1073 916 1125 parere
933 1057 1043 1124 fatetur,

363 1133 482 1199 Sentiat,
501 1136 531 1186 et
547 1132 661 1185 tandem
679 1131 800 1185 Turnum
819 1133 977 1201 experiatur
993 1132 1022 1185 in
1039 1132 1131 1185 armis.

403 1210 458 1262 Hic
475 1208 587 1274 iuvenis,
607 1212 698 1262 vatem
716 1209 846 1275 inridens,
864 1209 902 1261 sic
920 1224 982 1261 orsa
998 1208 1115 1261 vicissim
1185 1220 1222 1261 sas

364 1285 424 1339 Ore
441 1285 540 1338 refert:
559 1284 659 1339 Classis
677 1285 798 1345 invectas
815 1283 960 1351 Thybridis
976 1283 1078 1337 undam
1147 1307 1151 1315 ·

364 1361 393 1414 N
396 1378 438 1427 on,
457 1364 489 1414 ut
507 1377 576 1426 rere,
594 1376 669 1414 meas
687 1360 782 1429 ellirgit
799 1360 910 1413 nuntius
927 1360 1015 1425 auris;

364 1436 393 1490 N
395 1454 411 1490 e
429 1440 521 1490 tantos
538 1436 604 1489 mihi
622 1436 694 1503 fingo
711 1439 807 1490 metus
843 1434 870 1488 Ν
872 1451 903 1488 ec
919 1434 996 1501 regia
1013 1434 1084 1488 Iuno

366 1512 508 1566 Inmemor
526 1515 570 1565 est
586 1512 688 1576 nostri3

366 1588 426 1642 Sed
443 1591 473 1641 te
490 1588 561 1642 victa
579 1588 633 1641 situ
650 1587 762 1656 verique
779 1588 861 1641 effeta
878 1590 1010 1655 senectus,
1185 1596 1223 1637 sto

367 1663 393 1716 Ο
413 1667 508 1730 mater,
527 1663 600 1717 curis
618 1664 785 1731 nequiquam
802 1668 920 1730 exercet,
938 1668 968 1717 et
985 1678 1061 1716 arms

369 1741 479 1807 Regum
497 1740 570 1793 inter
588 1739 655 1792 falsa
672 1742 764 1811 vatem
782 1738 925 1791 formidine
943 1738 1021 1791 ludit.

368 1816 444 1869 Cura
461 1815 519 1880 tibi,
539 1814 629 1868 divom
648 1814 751 1881 effigies
768 1816 798 1867 et
816 1813 919 1881 templa
935 1814 1015 1880 tueri,

368 1890 449 1945 Bella
467 1891 517 1943 viri
536 1906 685 1959 pacemque
703 1892 806 1957 gerant,
825 1888 886 1957 quis
904 1887 976 1941 bella
992 1888 1120 1957 gerenda

405 1966 516 2019 Talibus
535 1966 643 2019 Allecto
663 1965 743 2019 dictis
761 1964 865 2019 exarsit
882 1964 910 2016 in
926 1964 987 2018 iras.
1186 1977 1223 2017 sss

370 2043 413 2097 nt
430 2042 520 2095 iuveni
539 2041 627 2095 oranti
645 2041 749 2095 subitus
767 2045 871 2094 tremor
887 2044 1002 2109 occupat
1019 2043 1116 2107 artus3-

370 2118 523 2185 Deriguere
542 2117 626 2172 oculi:
645 2120 687 2171 tot
706 2117 802 2185 Erinys
820 2117 912 2171 sibilat
928 2116 1028 2185 hydris,
1098 2121 1102 2131 '

370 2193 513 2261 'lautaque
531 2211 560 2246 se
578 2193 659 2247 iacies
677 2193 779 2261 aperit;
795 2196 856 2246 turn
873 2193 998 2246 flammea
1014 2196 1148 2259 torquens

371 2269 487 2323 Lumina
505 2272 677 2322 cunctantem
695 2271 724 2321 ct
742 2273 919 2338 quaerentem
937 2268 1027 2322 dicere
1044 2268 1124 2336 plura

372 2345 511 2414 Reppulit,
533 2349 562 2399 et
580 2346 702 2412 geminos
721 2346 809 2399 erexit
827 2345 946 2397 crinibus
964 2344 1067 2411 anguis,
1186 2354 1224 2395 isc

372 2421 553 2489 verberaque
571 2422 696 2489 insonuit,
714 2420 865 2487 rabidoque
881 2420 949 2473 haec
965 2418 1073 2472 addidit
1089 2433 1150 2474 ore:

372 2497 415 2549 Iln
434 2514 485 2564 ego
503 2497 574 2550 victa
592 2497 653 2564 situ,
671 2513 753 2564 quam
770 2496 828 2549 veri
846 2497 928 2551 effeta
945 2497 1071 2548 senectus

373 2574 462 2627 Arma
479 2574 551 2626 inter
568 2589 664 2640 regum
683 2572 750 2625 falsa
767 2572 911 2626 formidine
928 2570 1014 2634 ludit;

372 2649 491 2716 Respice
509 2648 545 2701 ad
562 2648 642 2701 haec:
659 2649 754 2701 adsum
772 2648 894 2701 dirarum
911 2646 947 2701 ab
964 2645 1031 2700 sede
1047 2651 1184 2709 sororum}

373 2724 454 2779 Bella
471 2725 711 2792 manuletumquc
728 2741 801 2792 gero.
1039 2777 1041 2782 ,
1189 2736 1225 2775 4⁵5

373 2800 420 2854 Sic
438 2800 519 2854 effata
535 2800 622 2853 lacem
640 2801 730 2853 iuveni
748 2801 871 2867 coniecit,
888 2802 918 2854 et
935 2801 995 2852 etro

373 2876 490 2929 Lumine
507 2876 637 2928 fumantis
655 2875 717 2929 fixit
734 2876 785 2929 sub
802 2878 916 2944 pectore·
931 2874 1034 2929 taedas.

372 2952 429 3004 Olli
448 2968 570 3005 somnum
589 2952 684 3019 ingens
702 2952 805 3020 rumpit
822 2967 913 3019 paror,
931 2966 1047 3017 ossaque
1064 2952 1093 3004 et
1109 2952 1186 3002 artus

373 3026 502 3081 Perfudit
520 3031 579 3081 toto
597 3032 744 3096 proruptus
762 3042 874 3095 corpore
893 3027 983 3079 sudor.

374 3104 463 3157 Arma
481 3119 573 3157 amens
590 3104 689 3169 fremit,
707 3119 782 3155 arma
798 3106 859 3155 toro
877 3102 1012 3169 tectisque
1029 3099 1161 3168 requirit3
1189 3113 1225 3152 sco

373 3179 468 3233 Saevit
486 3195 562 3231 amor
579 3178 644 3232 ferri
662 3183 691 3232 et
709 3178 841 3232 scelerata
858 3178 963 3231 insania
980 3175 1053 3243 belli,

374 3254 424 3309 Ira
442 3270 538 3323 super:
556 3271 655 3322 magno
673 3255 757 3307 veluti
775 3270 836 3307 cum
855 3254 963 3307 flamma
980 3266 1076 3306 sonore

365 3330 479 3399 -Virgea
496 3332 653 3398 suggeritur
670 3331 752 3384 costis
769 3329 899 3383 undantis
916 3328 984 3397 aeni,
1081 3391 1083 3397 Ι

374 3406 575 3473 Exsultantqne
591 3410 669 3461 aestu
688 3403 801 3475 latices3
818 3406 892 3462 furit
906 3406 989 3463 intus
1003 3403 1091 3475 aquai

362 3479 498 3531 Fumidus
515 3485 603 3550 atque
620 3483 680 3539 alte
698 3486 809 3555 spumis
829 3484 977 3542 exuberat
993 3480 1108 3542 amum
1221 3476 1255 3515 '⁸⁸

354 3551 413 3602 Noc
428 3552 482 3605 ram
502 3571 536 3610 se
551 3560 630 3629 cupit
649 3561 751 3633 unda3
768 3564 855 3624 volat
869 3580 969 3636 uapor
988 3563 1057 3617 oter
1077 3553 1122 3608 ὦ
1136 3554 1243 3600 “W
