3242 4159
613 504 617 507 ’
667 521 851 571 Annnrnos
868 477 938 569 urs.
959 520 991 570 v,
1208 520 1255 571 167

360 656 368 663 .
403 604 522 673 lamque
540 600 609 656 adeo
628 601 722 654 donati
741 616 835 653 omues
852 600 1005 668 opibusque
1022 600 1134 663 superbi

403 681 531 734 Puniceis
547 679 624 732 ibant
642 679 741 731 evincti
758 680 885 745 tempora
901 677 1005 743 taeniis,

401 757 475 811 Cum
493 772 574 809 saevo
592 772 608 809 e
626 755 735 822 scopulo
752 753 841 806 multa
857 753 903 806 vix
921 757 981 806 arte
998 756 1127 819 revolsus,
1226 769 1261 807 aro

403 833 523 887 Amissis
539 832 624 885 remis
641 835 724 898 atque
742 829 838 883 ordine
856 829 953 884 debilis
970 847 1031 898 uno,

402 909 523 963 Inrisam
541 908 600 961 sine
618 907 720 959 honore
737 909 826 959 ratem
844 907 989 974 Sergestus
1006 906 1111 974 agebat.

403 984 500 1051 Qualis
518 1000 599 1055 saepe
617 984 676 1035 riae
694 982 847 1049 deprensus
864 982 892 1035 in
909 1000 1010 1050 aggere
1028 999 1146 1050 serpens,

403 1064 498 1115 Aerea
515 1076 596 1128 quem
614 1057 753 1126 obliquum
770 1060 832 1111 rota
849 1060 966 1125 transiit,
984 1063 1032 1111 aut
1049 1059 1140 1126 gravis
1156 1058 1214 1111 ictu

400 1137 573 1191 Seminecem
591 1134 672 1202 liquit
690 1150 755 1187 saxo
772 1134 946 1203 lacerumque
963 1135 1057 1202 uiator,
1220 1147 1256 1187 275

402 1213 579 1282 Nequiquam
595 1212 690 1279 longos
708 1210 815 1277 fugiens
833 1210 882 1265 dat
899 1227 1011 1279 corpore
1028 1215 1126 1276 tortus,

402 1290 489 1342 Parte
506 1288 590 1353 ferox,
609 1287 763 1355 ardensque
781 1286 872 1353 oculis,
890 1290 919 1339 ot
936 1287 1014 1340 sibila
1031 1287 1100 1340 oolla

404 1364 517 1417 Arduus
535 1363 680 1428 attollens3
699 1379 762 1430 pars
780 1362 890 1415 volnere
908 1362 1004 1416 clauda
1021 1365 1142 1415 retentat

408 1441 559 1493 leuantem
577 1438 657 1492 nodis
674 1454 757 1506 seque
774 1439 802 1490 in
821 1454 871 1491 sua
887 1439 1011 1492 membra
1027 1439 1182 1507 plicantem.

408 1517 461 1569 lali
479 1516 591 1583 remigio
603 1515 684 1589 'navis
703 1530 732 1567 se
749 1513 832 1567 tarda
848 1514 989 1581 merebam
1217 1526 1254 1566 aso

407 1592 474 1645 u'cla
491 1591 555 1645 facit
573 1594 674 1657 tamen,
692 1593 721 1643 et
738 1591 805 1643 velis
823 1590 897 1644 subit
914 1592 984 1644 ostia
1001 1591 1094 1659 plenis,

401 1671 564 1734 Sergestum
583 1668 694 1721 Aeneas
712 1666 846 1735 promisso
864 1684 977 1721 munere
996 1668 1087 1734 donat,

370 1800 372 1803 ,
401 1744 546 1797 Servatam
564 1743 599 1797 ob
617 1740 713 1796 narem
732 1743 821 1795 laetus
839 1743 980 1810 sociosque
997 1742 1130 1795 reductos.

401 1820 458 1873 Olli
476 1836 554 1873 serva
572 1818 661 1885 datur,
680 1835 792 1887 operum
810 1817 885 1870 haud
903 1819 996 1885 ignara
1014 1819 1160 1883 Minervae,

400 1896 502 1949 Cressa
519 1911 611 1963 genus,
631 1894 741 1962 Pholoe,
758 1894 913 1961 geminique
930 1894 981 1947 sub
999 1893 1084 1947 ubere
1101 1893 1166 1946 nati.
1217 1906 1253 1945 nst

438 1971 501 2024 Hoc
517 1971 577 2038 pius
597 1974 706 2025 Aeneas
723 1972 804 2023 misso
823 1971 970 2024 certamine
987 1970 1078 2024 tendit

400 2047 578 2102 Gramineum
590 2047 619 2099 in
631 2063 763 2114 campum,
776 2063 858 2114 quem
870 2047 982 2100 collibus
994 2046 1116 2114 undique
1128 2046 1219 2099 curris

400 2122 557 2192 (lingebant
573 2123 664 2189 silvae,
683 2122 829 2190 mediaque
845 2123 874 2175 in
891 2123 960 2176 valle
978 2123 1079 2177 theatri

400 2200 498 2254 Circus
516 2202 575 2253 erat
584 2220 591 2264 ;
611 2216 665 2267 quo
683 2215 713 2251 se
730 2198 824 2251 multis
841 2216 902 2252 cum
920 2199 1028 2253 milibus
1045 2199 1126 2252 heros

400 2276 536 2330 consessu
554 2275 674 2329 medium
694 2275 758 2329 tulit
776 2278 969 2343 exstructoque
986 2275 1097 2329 resedit.
1217 2286 1254 2326 non

401 2351 464 2417 Hic,
483 2352 530 2419 qui
547 2351 617 2404 forte
635 2351 720 2405 velint
738 2350 1016 2419 rapido‘contendere
1034 2367 1121 2416 cuusu,

401 2427 507 2481 Invitat
523 2428 620 2495 pretiis
638 2428 749 2493 animos,
768 2430 798 2480 et
816 2427 936 2495 praemia
947 2428 1036 2495 ¹ponit.

400 2502 532 2571 Undique
549 2504 712 2557 conveniunt
730 2503 825 2556 Teucri
842 2502 976 2570 mixtique
993 2500 1089 2569 Sicani,

401 2578 486 2631 Nisus
504 2583 533 2631 et
553 2579 686 2647 Euryalus
704 2578 792 2648 primi,

399 2654 533 2723 Euryalus
550 2655 638 2708 forma
654 2656 767 2724 insignis
784 2654 920 2723 viridique
936 2654 1054 2722 iuventa,
1217 2677 1254 2717 205

398 2730 484 2783 Nisus
502 2747 594 2785 amore
611 2732 656 2799 pio
674 2732 769 2800 pueri;
789 2747 858 2799 quos
876 2731 977 2784 deinde
995 2733 1104 2785 secutus

401 2808 505 2873 Regius
523 2808 634 2875 egregia
652 2807 753 2860 Priami
772 2808 806 2860 de
826 2807 911 2874 stirpe
930 2807 1043 2872 Diores3

400 2883 483 2935 Hune
495 2882 585 2936 Salius
598 2884 677 2936 simul
690 2888 718 2937 et
733 2885 842 2950 Patron,
857 2899 970 2949 quorum
983 2883 1054 2936 alter
1067 2884 1203 2949 Acarnan,

399 2958 483 3012 Alter
502 2957 537 3011 ab
559 2960 677 3012 Arcadio
697 2960 835 3026 Tegeaeae
854 2959 983 3025 sanguine
1001 2959 1108 3026 gentis3

398 3035 469 3087 Tum
481 3034 536 3087 duo
549 3034 679 3088 Trinacrii
697 3036 815 3102 iuvenes,
835 3034 968 3101 Helymus
987 3034 1173 3101 Panopesque,
1217 3048 1254 3086 ooo

399 3107 520 3163 Adsueti
539 3110 621 3176 silvis,
640 3111 752 3164 comites
770 3110 883 3163 senioris
903 3110 1036 3174 Acestam

397 3184 482 3238 Multi
499 3190 649 3255 praeterea,
667 3202 735 3255 quos
753 3186 826 3238 fama
843 3183 958 3238 obscura
974 3184 1105 3237 recondit.

399 3265 509 3315 Aeneas
527 3262 625 3330 quibus
643 3264 671 3316 in
689 3262 787 3315 mediis
804 3262 842 3315 sio
860 3260 960 3314 deinde
977 3260 1099 3315 locutus:

398 3338 528 3407 Accipite
545 3337 612 3392 haec
629 3338 741 3407 animis„
752 3338 893 3405 laetasque
910 3336 1048 3390 advertito
1065 3340 1185 3390 mentes:

395 3411 486 3464 Nemo
503 3430 537 3465 er
554 3413 607 3467 lme
622 3430 738 3467 numero
755 3413 823 3468 mihi
839 3430 896 3468 non
912 3411 1033 3468 donatxns
1049 3411 1150 3467 sumit,
1221 3424 1265 3462 aa

385 3485 487 3565 Gnosr'a
505 3486 570 3540 bina
588 3489 663 3544 dabo
679 3491 777 3548 levato
796 3492 895 3549 lueida
910 3492 991 3549 ferm

367 3553 704 3637 (inemendatamque
724 3577 853 3643 argento
873 3574 959 3633 terre
970 3571 1163 3645 ripensem
