<?xml version="1.0" encoding="UTF-8"?>
<!DOCTYPE html PUBLIC "-//W3C//DTD XHTML 1.0 Transitional//EN"
    "http://www.w3.org/TR/xhtml1/DTD/xhtml1-transitional.dtd">
<html xmlns="http://www.w3.org/1999/xhtml" xml:lang="en" lang="en">
 <head>
  <title>
</title>
<meta http-equiv="Content-Type" content="text/html;charset=utf-8" />
  <meta name='ocr-system' content='tesseract 3.04.00' />
  <meta name='ocr-capabilities' content='ocr_page ocr_carea ocr_par ocr_line ocrx_word'/>
</head>
<body>
  <div class='ocr_page' id='page_1' title='image "./publivergilimar00conigoog/publivergilimar00conigoog_0326.png"; bbox 0 0 3242 4159; ppageno 0'>
   <div class='ocr_carea' id='block_1_1' title="bbox 379 529 999 592">
    <p class='ocr_par' dir='ltr' id='par_1_1' title="bbox 379 529 999 592">
     <span class='ocr_line' id='line_1_1' title="bbox 379 529 999 592; baseline -0.006 -10"><span class='ocrx_word' id='word_1_1' title='bbox 379 543 428 592; x_wconf 72' lang='lat'><strong>300</strong></span> <span class='ocrx_word' id='word_1_2' title='bbox 610 534 640 582; x_wconf 88' lang='lat' dir='ltr'><strong>P.</strong></span> <span class='ocrx_word' id='word_1_3' title='bbox 658 530 815 580; x_wconf 85' lang='lat' dir='ltr'><strong>VERGILI</strong></span> <span class='ocrx_word' id='word_1_4' title='bbox 831 529 999 579; x_wconf 68' lang='lat' dir='ltr'><strong>mascals</strong></span> 
     </span>
    </p>
   </div>
   <div class='ocr_carea' id='block_1_2' title="bbox 347 611 1241 3636">
    <p class='ocr_par' dir='ltr' id='par_1_2' title="bbox 347 611 1241 3636">
     <span class='ocr_line' id='line_1_2' title="bbox 380 611 1112 684; baseline -0.011 -11"><span class='ocrx_word' id='word_1_5' title='bbox 380 615 538 684; x_wconf 83' lang='lat' dir='ltr'><strong>Quaerendi</strong></span> <span class='ocrx_word' id='word_1_6' title='bbox 556 614 650 680; x_wconf 81' lang='lat' dir='ltr'><strong>nobis3</strong></span> <span class='ocrx_word' id='word_1_7' title='bbox 671 613 852 667; x_wconf 75' lang='lat' dir='ltr'><strong>circumstant</strong></span> <span class='ocrx_word' id='word_1_8' title='bbox 868 611 990 680; x_wconf 86' lang='lat' dir='ltr'><strong>undique</strong></span> <span class='ocrx_word' id='word_1_9' title='bbox 1008 628 1112 666; x_wconf 84' lang='lat' dir='ltr'><strong>muros</strong></span> 
     </span>
     <span class='ocr_line' id='line_1_3' title="bbox 381 687 1153 757; baseline -0.005 -10"><span class='ocrx_word' id='word_1_10' title='bbox 381 696 458 747; x_wconf 88' lang='lat' dir='ltr'><strong>lmus</strong></span> <span class='ocrx_word' id='word_1_11' title='bbox 476 694 505 746; x_wconf 92' lang='lat' dir='ltr'><strong>in</strong></span> <span class='ocrx_word' id='word_1_12' title='bbox 523 692 667 745; x_wconf 84' lang='lat' dir='ltr'><strong>adversos!</strong></span> <span class='ocrx_word' id='word_1_13' title='bbox 694 689 761 757; x_wconf 90' lang='lat' dir='ltr'><strong>quid</strong></span> <span class='ocrx_word' id='word_1_14' title='bbox 779 690 887 742; x_wconf 82' lang='lat' dir='ltr'><strong>cessasl</strong></span> <span class='ocrx_word' id='word_1_15' title='bbox 911 705 947 741; x_wconf 88' lang='lat' dir='ltr'><strong>an</strong></span> <span class='ocrx_word' id='word_1_16' title='bbox 964 687 1018 741; x_wconf 90' lang='lat' dir='ltr'><strong>tibi</strong></span> <span class='ocrx_word' id='word_1_17' title='bbox 1036 688 1153 743; x_wconf 85' lang='lat' dir='ltr'><strong>Mavors</strong></span> 
     </span>
     <span class='ocr_line' id='line_1_4' title="bbox 381 764 1232 835; baseline -0.004 -13"><span class='ocrx_word' id='word_1_18' title='bbox 381 769 505 822; x_wconf 77' lang='lat' dir='ltr'><strong>Ventoso</strong></span> <span class='ocrx_word' id='word_1_19' title='bbox 524 769 552 821; x_wconf 90' lang='lat' dir='ltr'><strong>in</strong></span> <span class='ocrx_word' id='word_1_20' title='bbox 571 768 665 835; x_wconf 80' lang='lat' dir='ltr'><strong>lingua</strong></span> <span class='ocrx_word' id='word_1_21' title='bbox 682 764 856 835; x_wconf 80' lang='lat' dir='ltr'><strong>pedibusque</strong></span> <span class='ocrx_word' id='word_1_22' title='bbox 875 764 1019 832; x_wconf 81' lang='lat' dir='ltr'><strong>fugacibus</strong></span> <span class='ocrx_word' id='word_1_23' title='bbox 1038 764 1101 819; x_wconf 87' lang='lat' dir='ltr'><strong>istis</strong></span> <span class='ocrx_word' id='word_1_24' title='bbox 1200 768 1232 810; x_wconf 71' lang='lat'><strong>³⁹⁰</strong></span> 
     </span>
     <span class='ocr_line' id='line_1_5' title="bbox 381 844 587 914; baseline 0 -16"><span class='ocrx_word' id='word_1_25' title='bbox 381 844 587 914; x_wconf 81' lang='lat' dir='ltr'><strong>Sempereritl</strong></span> 
     </span>
     <span class='ocr_line' id='line_1_6' title="bbox 382 916 1235 988; baseline -0.005 -13"><span class='ocrx_word' id='word_1_26' title='bbox 382 921 481 975; x_wconf 89' lang='lat' dir='ltr'><strong>Pulsus</strong></span> <span class='ocrx_word' id='word_1_27' title='bbox 500 922 570 988; x_wconf 82' lang='lat' dir='ltr'><strong>egel</strong></span> <span class='ocrx_word' id='word_1_28' title='bbox 595 923 643 973; x_wconf 86' lang='lat' dir='ltr'><strong>aut</strong></span> <span class='ocrx_word' id='word_1_29' title='bbox 663 918 807 988; x_wconf 88' lang='lat' dir='ltr'><strong>quisquam</strong></span> <span class='ocrx_word' id='word_1_30' title='bbox 827 916 934 984; x_wconf 90' lang='lat' dir='ltr'><strong>merito,</strong></span> <span class='ocrx_word' id='word_1_31' title='bbox 949 916 1117 985; x_wconf 80' lang='lat' dir='ltr'>foedissime,</span> <span class='ocrx_word' id='word_1_32' title='bbox 1133 918 1235 984; x_wconf 90' lang='lat' dir='ltr'><strong>pulsum</strong></span> 
     </span>
     <span class='ocr_line' id='line_1_7' title="bbox 382 992 1117 1064; baseline -0.004 -14"><span class='ocrx_word' id='word_1_33' title='bbox 382 999 499 1064; x_wconf 80' lang='lat' dir='ltr'><strong>Arguet,</strong></span> <span class='ocrx_word' id='word_1_34' title='bbox 516 997 599 1049; x_wconf 85' lang='lat' dir='ltr'><strong>Iliaco</strong></span> <span class='ocrx_word' id='word_1_35' title='bbox 620 994 756 1048; x_wconf 88' lang='lat' dir='ltr'><strong>tumidum</strong></span> <span class='ocrx_word' id='word_1_36' title='bbox 775 993 823 1062; x_wconf 92' lang='lat' dir='ltr'><strong>qui</strong></span> <span class='ocrx_word' id='word_1_37' title='bbox 842 1009 966 1045; x_wconf 87' lang='lat' dir='ltr'><strong>crescere</strong></span> <span class='ocrx_word' id='word_1_38' title='bbox 985 992 1117 1061; x_wconf 75' lang='lat' dir='ltr'>Thybrim</span> 
     </span>
     <span class='ocr_line' id='line_1_8' title="bbox 382 1068 1129 1139; baseline -0.004 -13"><span class='ocrx_word' id='word_1_39' title='bbox 382 1073 520 1139; x_wconf 73' lang='lat' dir='ltr'>Sanguine</span> <span class='ocrx_word' id='word_1_40' title='bbox 538 1075 568 1125; x_wconf 91' lang='lat' dir='ltr'><strong>et</strong></span> <span class='ocrx_word' id='word_1_41' title='bbox 586 1069 710 1123; x_wconf 83' lang='lat' dir='ltr'><strong>Euandri</strong></span> <span class='ocrx_word' id='word_1_42' title='bbox 728 1073 816 1123; x_wconf 89' lang='lat' dir='ltr'><strong>totam</strong></span> <span class='ocrx_word' id='word_1_43' title='bbox 834 1086 897 1122; x_wconf 91' lang='lat' dir='ltr'><strong>cum</strong></span> <span class='ocrx_word' id='word_1_44' title='bbox 915 1068 1003 1137; x_wconf 88' lang='lat' dir='ltr'><strong>stirpe</strong></span> <span class='ocrx_word' id='word_1_45' title='bbox 1021 1069 1129 1123; x_wconf 83' lang='lat' dir='ltr'><strong>videbit</strong></span> 
     </span>
     <span class='ocr_line' id='line_1_9' title="bbox 383 1146 1236 1215; baseline -0.005 -14"><span class='ocrx_word' id='word_1_46' title='bbox 383 1147 564 1202; x_wconf 84' lang='lat' dir='ltr'><strong>Procubuisse</strong></span> <span class='ocrx_word' id='word_1_47' title='bbox 583 1146 701 1213; x_wconf 87' lang='lat' dir='ltr'><strong>domum,</strong></span> <span class='ocrx_word' id='word_1_48' title='bbox 719 1150 803 1215; x_wconf 89' lang='lat' dir='ltr'><strong>atque</strong></span> <span class='ocrx_word' id='word_1_49' title='bbox 822 1148 919 1199; x_wconf 84' lang='lat' dir='ltr'><strong>exutos</strong></span> <span class='ocrx_word' id='word_1_50' title='bbox 939 1146 1067 1199; x_wconf 83' lang='lat' dir='ltr'><strong>Arcadas</strong></span> <span class='ocrx_word' id='word_1_51' title='bbox 1084 1146 1187 1200; x_wconf 85' lang='lat' dir='ltr'><strong>armisl</strong></span> <span class='ocrx_word' id='word_1_52' title='bbox 1205 1160 1236 1197; x_wconf 78' lang='lat' dir='ltr'><strong>aas</strong></span> 
     </span>
     <span class='ocr_line' id='line_1_10' title="bbox 383 1221 1155 1293; baseline -0.001 -17"><span class='ocrx_word' id='word_1_53' title='bbox 383 1223 468 1277; x_wconf 85' lang='lat' dir='ltr'>Haud</span> <span class='ocrx_word' id='word_1_54' title='bbox 486 1224 525 1276; x_wconf 89' lang='lat' dir='ltr'><strong>ita</strong></span> <span class='ocrx_word' id='word_1_55' title='bbox 543 1239 588 1275; x_wconf 91' lang='lat' dir='ltr'><strong>me</strong></span> <span class='ocrx_word' id='word_1_56' title='bbox 606 1222 714 1291; x_wconf 81' lang='lat' dir='ltr'><strong>experti</strong></span> <span class='ocrx_word' id='word_1_57' title='bbox 732 1222 821 1275; x_wconf 80' lang='lat' dir='ltr'><strong>Bitias</strong></span> <span class='ocrx_word' id='word_1_58' title='bbox 840 1221 1032 1292; x_wconf 73' lang='lat' dir='ltr'><strong>et‚Pandarus</strong></span> <span class='ocrx_word' id='word_1_59' title='bbox 1050 1222 1155 1293; x_wconf 83' lang='lat' dir='ltr'><strong>ingens,</strong></span> 
     </span>
     <span class='ocr_line' id='line_1_11' title="bbox 383 1296 1056 1367; baseline -0.001 -16"><span class='ocrx_word' id='word_1_60' title='bbox 383 1298 420 1351; x_wconf 84' lang='lat' dir='ltr'><strong>Et</strong></span> <span class='ocrx_word' id='word_1_61' title='bbox 440 1315 508 1367; x_wconf 89' lang='lat' dir='ltr'><strong>quos</strong></span> <span class='ocrx_word' id='word_1_62' title='bbox 526 1298 602 1351; x_wconf 90' lang='lat' dir='ltr'><strong>millo</strong></span> <span class='ocrx_word' id='word_1_63' title='bbox 621 1298 666 1351; x_wconf 92' lang='lat' dir='ltr'><strong>die</strong></span> <span class='ocrx_word' id='word_1_64' title='bbox 684 1297 770 1351; x_wconf 84' lang='lat' dir='ltr'><strong>victor</strong></span> <span class='ocrx_word' id='word_1_65' title='bbox 789 1296 841 1350; x_wconf 89' lang='lat' dir='ltr'><strong>sub</strong></span> <span class='ocrx_word' id='word_1_66' title='bbox 860 1297 975 1350; x_wconf 82' lang='lat' dir='ltr'><strong>Tartara</strong></span> <span class='ocrx_word' id='word_1_67' title='bbox 992 1296 1056 1351; x_wconf 87' lang='lat' dir='ltr'><strong>misi</strong></span> 
     </span>
     <span class='ocr_line' id='line_1_12' title="bbox 383 1373 1040 1442; baseline 0.005 -16"><span class='ocrx_word' id='word_1_68' title='bbox 383 1374 509 1427; x_wconf 87' lang='lat' dir='ltr'><strong>Inclusus</strong></span> <span class='ocrx_word' id='word_1_69' title='bbox 529 1375 615 1427; x_wconf 87' lang='lat' dir='ltr'><strong>muris</strong></span> <span class='ocrx_word' id='word_1_70' title='bbox 634 1373 781 1441; x_wconf 73' lang='lat' dir='ltr'><strong>hostilique</strong></span> <span class='ocrx_word' id='word_1_71' title='bbox 799 1389 900 1440; x_wconf 84' lang='lat' dir='ltr'><strong>aggere</strong></span> <span class='ocrx_word' id='word_1_72' title='bbox 918 1377 1040 1442; x_wconf 87' lang='lat' dir='ltr'><strong>saeptus.</strong></span> 
     </span>
     <span class='ocr_line' id='line_1_13' title="bbox 383 1449 1139 1517; baseline -0.001 -15"><span class='ocrx_word' id='word_1_73' title='bbox 383 1450 488 1502; x_wconf 87' lang='lat' dir='ltr'><strong>“Nulla</strong></span> <span class='ocrx_word' id='word_1_74' title='bbox 508 1450 580 1502; x_wconf 88' lang='lat' dir='ltr'><strong>salus</strong></span> <span class='ocrx_word' id='word_1_75' title='bbox 598 1449 692 1503; x_wconf 90' lang='lat' dir='ltr'><strong>bcllo.&#39;&#39;</strong></span> <span class='ocrx_word' id='word_1_76' title='bbox 730 1449 821 1517; x_wconf 85' lang='lat' dir='ltr'><strong>Capiti</strong></span> <span class='ocrx_word' id='word_1_77' title='bbox 839 1465 906 1502; x_wconf 87' lang='lat' dir='ltr'><strong>cane</strong></span> <span class='ocrx_word' id='word_1_78' title='bbox 923 1449 996 1512; x_wconf 79' lang='lat' dir='ltr'><strong>talia</strong></span> <span class='ocrx_word' id='word_1_79' title='bbox 1013 1449 1139 1517; x_wconf 86' lang='lat' dir='ltr'><strong>demens,</strong></span> 
     </span>
     <span class='ocr_line' id='line_1_14' title="bbox 383 1523 1239 1594; baseline -0.004 -16"><span class='ocrx_word' id='word_1_80' title='bbox 383 1525 523 1578; x_wconf 87' lang='lat' dir='ltr'><strong>Dardanio</strong></span> <span class='ocrx_word' id='word_1_81' title='bbox 542 1525 681 1594; x_wconf 76' lang='lat' dir='ltr'><strong>rebusque</strong></span> <span class='ocrx_word' id='word_1_82' title='bbox 698 1525 761 1580; x_wconf 89' lang='lat' dir='ltr'><strong>tuis.</strong></span> <span class='ocrx_word' id='word_1_83' title='bbox 798 1523 918 1577; x_wconf 86' lang='lat' dir='ltr'><strong>Proinde</strong></span> <span class='ocrx_word' id='word_1_84' title='bbox 936 1524 1028 1577; x_wconf 89' lang='lat' dir='ltr'><strong>omnia</strong></span> <span class='ocrx_word' id='word_1_85' title='bbox 1046 1540 1149 1591; x_wconf 79' lang='lat' dir='ltr'><strong>magno</strong></span> <span class='ocrx_word' id='word_1_86' title='bbox 1205 1531 1239 1573; x_wconf 75' lang='grc'><strong>411</strong></span> 
     </span>
     <span class='ocr_line' id='line_1_15' title="bbox 383 1596 1095 1669; baseline 0.001 -16"><span class='ocrx_word' id='word_1_87' title='bbox 383 1601 409 1653; x_wconf 91' lang='lat' dir='ltr'>N</span> <span class='ocrx_word' id='word_1_88' title='bbox 411 1619 426 1654; x_wconf 90' lang='lat' dir='ltr'><strong>e</strong></span> <span class='ocrx_word' id='word_1_89' title='bbox 445 1619 521 1655; x_wconf 88' lang='lat' dir='ltr'><strong>cessa</strong></span> <span class='ocrx_word' id='word_1_90' title='bbox 539 1602 652 1655; x_wconf 88' lang='lat' dir='ltr'><strong>turbare</strong></span> <span class='ocrx_word' id='word_1_91' title='bbox 671 1605 755 1668; x_wconf 91' lang='lat' dir='ltr'><strong>metu,</strong></span> <span class='ocrx_word' id='word_1_92' title='bbox 774 1605 860 1669; x_wconf 89' lang='lat' dir='ltr'><strong>atque</strong></span> <span class='ocrx_word' id='word_1_93' title='bbox 878 1596 1010 1654; x_wconf 75' lang='lat' dir='ltr'><strong>extollere</strong></span> <span class='ocrx_word' id='word_1_94' title='bbox 1029 1600 1095 1654; x_wconf 83' lang='lat' dir='ltr'><strong>viris</strong></span> 
     </span>
     <span class='ocr_line' id='line_1_16' title="bbox 384 1676 1123 1745; baseline -0.004 -15"><span class='ocrx_word' id='word_1_95' title='bbox 384 1677 479 1731; x_wconf 83' lang='lat' dir='ltr'><strong>Gentis</strong></span> <span class='ocrx_word' id='word_1_96' title='bbox 497 1678 540 1731; x_wconf 88' lang='lat' dir='ltr'><strong>bis</strong></span> <span class='ocrx_word' id='word_1_97' title='bbox 557 1678 652 1745; x_wconf 82' lang='lat' dir='ltr'><strong>victae,</strong></span> <span class='ocrx_word' id='word_1_98' title='bbox 670 1680 767 1730; x_wconf 89' lang='lat' dir='ltr'><strong>contra</strong></span> <span class='ocrx_word' id='word_1_99' title='bbox 784 1693 909 1743; x_wconf 83' lang='lat' dir='ltr'><strong>premere</strong></span> <span class='ocrx_word' id='word_1_100' title='bbox 926 1693 1003 1731; x_wconf 84' lang='lat' dir='ltr'><strong>arma</strong></span> <span class='ocrx_word' id='word_1_101' title='bbox 1019 1676 1123 1730; x_wconf 88' lang='lat' dir='ltr'><strong>Latini.</strong></span> 
     </span>
     <span class='ocr_line' id='line_1_17' title="bbox 383 1752 1238 1823; baseline 0 -18"><span class='ocrx_word' id='word_1_102' title='bbox 383 1753 409 1805; x_wconf 91' lang='lat' dir='ltr'>N</span> <span class='ocrx_word' id='word_1_103' title='bbox 411 1771 464 1807; x_wconf 92' lang='lat' dir='ltr'><strong>unc</strong></span> <span class='ocrx_word' id='word_1_104' title='bbox 472 1758 501 1807; x_wconf 88' lang='lat' dir='ltr'><strong>et</strong></span> <span class='ocrx_word' id='word_1_105' title='bbox 509 1754 712 1823; x_wconf 80' lang='lat' dir='ltr'><strong>Myrmidonum</strong></span> <span class='ocrx_word' id='word_1_106' title='bbox 719 1770 848 1821; x_wconf 88' lang='lat' dir='ltr'><strong>proceres</strong></span> <span class='ocrx_word' id='word_1_107' title='bbox 856 1752 974 1821; x_wconf 76' lang='lat' dir='ltr'><strong>Phrygia</strong></span> <span class='ocrx_word' id='word_1_108' title='bbox 982 1769 1061 1805; x_wconf 89' lang='lat' dir='ltr'><strong>arma</strong></span> <span class='ocrx_word' id='word_1_109' title='bbox 1069 1754 1238 1807; x_wconf 86' lang='lat' dir='ltr'><strong>tremescunt</strong></span> 
     </span>
     <span class='ocr_line' id='line_1_18' title="bbox 384 1829 1018 1898; baseline 0.002 -17"><span class='ocrx_word' id='word_1_110' title='bbox 384 1829 463 1883; x_wconf 90' lang='lat' dir='ltr'><strong>Nunc</strong></span> <span class='ocrx_word' id='word_1_111' title='bbox 481 1835 510 1884; x_wconf 88' lang='lat' dir='ltr'><strong>et</strong></span> <span class='ocrx_word' id='word_1_112' title='bbox 528 1830 646 1898; x_wconf 78' lang='lat' dir='ltr'><strong>Tydides</strong></span> <span class='ocrx_word' id='word_1_113' title='bbox 664 1834 693 1884; x_wconf 86' lang='lat' dir='ltr'><strong>et</strong></span> <span class='ocrx_word' id='word_1_114' title='bbox 711 1829 870 1882; x_wconf 79' lang='lat' dir='ltr'><strong>Larissaeus</strong></span> <span class='ocrx_word' id='word_1_115' title='bbox 890 1829 1018 1894; x_wconf 84' lang='lat' dir='ltr'><strong>Achilles,</strong></span> 
     </span>
     <span class='ocr_line' id='line_1_19' title="bbox 385 1904 1240 1971; baseline -0.001 -14"><span class='ocrx_word' id='word_1_116' title='bbox 385 1907 482 1959; x_wconf 84' lang='lat' dir='ltr'><strong>Amnis</strong></span> <span class='ocrx_word' id='word_1_117' title='bbox 501 1911 531 1960; x_wconf 89' lang='lat' dir='ltr'><strong>et</strong></span> <span class='ocrx_word' id='word_1_118' title='bbox 551 1907 704 1960; x_wconf 87' lang='lat' dir='ltr'><strong>Hadriacas</strong></span> <span class='ocrx_word' id='word_1_119' title='bbox 722 1910 797 1958; x_wconf 91' lang='lat' dir='ltr'><strong>retro</strong></span> <span class='ocrx_word' id='word_1_120' title='bbox 815 1905 887 1971; x_wconf 82' lang='lat' dir='ltr'><strong>fugit</strong></span> <span class='ocrx_word' id='word_1_121' title='bbox 904 1904 1022 1958; x_wconf 81' lang='lat' dir='ltr'><strong>Aufidus</strong></span> <span class='ocrx_word' id='word_1_122' title='bbox 1037 1904 1138 1959; x_wconf 82' lang='lat' dir='ltr'><strong>undas</strong></span> <span class='ocrx_word' id='word_1_123' title='bbox 1207 1916 1240 1956; x_wconf 75' lang='lat' dir='ltr'><strong>sco</strong></span> 
     </span>
     <span class='ocr_line' id='line_1_20' title="bbox 384 1979 1114 2049; baseline 0.003 -17"><span class='ocrx_word' id='word_1_124' title='bbox 384 1979 437 2033; x_wconf 93' lang='lat' dir='ltr'><strong>Vel</strong></span> <span class='ocrx_word' id='word_1_125' title='bbox 456 1999 517 2036; x_wconf 92' lang='lat' dir='ltr'><strong>cum</strong></span> <span class='ocrx_word' id='word_1_126' title='bbox 536 1999 565 2036; x_wconf 88' lang='lat' dir='ltr'><strong>se</strong></span> <span class='ocrx_word' id='word_1_127' title='bbox 583 1982 713 2049; x_wconf 84' lang='lat' dir='ltr'><strong>pavidum</strong></span> <span class='ocrx_word' id='word_1_128' title='bbox 732 1985 828 2035; x_wconf 87' lang='lat' dir='ltr'><strong>contra</strong></span> <span class='ocrx_word' id='word_1_129' title='bbox 845 1997 907 2033; x_wconf 86' lang='lat' dir='ltr'><strong>mea</strong></span> <span class='ocrx_word' id='word_1_130' title='bbox 924 1979 1014 2047; x_wconf 83' lang='lat' dir='ltr'><strong>iurgia</strong></span> <span class='ocrx_word' id='word_1_131' title='bbox 1030 1980 1114 2048; x_wconf 87' lang='lat' dir='ltr'><strong>fingit</strong></span> 
     </span>
     <span class='ocr_line' id='line_1_21' title="bbox 384 2055 1090 2123; baseline 0.001 -14"><span class='ocrx_word' id='word_1_132' title='bbox 384 2056 508 2109; x_wconf 85' lang='lat' dir='ltr'><strong>Artificis</strong></span> <span class='ocrx_word' id='word_1_133' title='bbox 527 2058 622 2123; x_wconf 89' lang='lat' dir='ltr'><strong>scelus,</strong></span> <span class='ocrx_word' id='word_1_134' title='bbox 641 2061 670 2109; x_wconf 92' lang='lat' dir='ltr'><strong>ct</strong></span> <span class='ocrx_word' id='word_1_135' title='bbox 688 2056 834 2110; x_wconf 85' lang='lat' dir='ltr'><strong>formidine</strong></span> <span class='ocrx_word' id='word_1_136' title='bbox 851 2056 954 2110; x_wconf 84' lang='lat' dir='ltr'><strong>crimen</strong></span> <span class='ocrx_word' id='word_1_137' title='bbox 970 2055 1090 2110; x_wconf 84' lang='lat' dir='ltr'><strong>acerbat.</strong></span> 
     </span>
     <span class='ocr_line' id='line_1_22' title="bbox 383 2130 1239 2198; baseline 0 -13"><span class='ocrx_word' id='word_1_138' title='bbox 383 2131 540 2198; x_wconf 87' lang='lat' dir='ltr'><strong>Numquam</strong></span> <span class='ocrx_word' id='word_1_139' title='bbox 553 2131 670 2183; x_wconf 88' lang='lat' dir='ltr'><strong>animam</strong></span> <span class='ocrx_word' id='word_1_140' title='bbox 684 2132 767 2183; x_wconf 87' lang='lat' dir='ltr'><strong>talem</strong></span> <span class='ocrx_word' id='word_1_141' title='bbox 781 2131 882 2186; x_wconf 85' lang='lat' dir='ltr'><strong>dextra</strong></span> <span class='ocrx_word' id='word_1_142' title='bbox 892 2131 1084 2185; x_wconf 88' lang='lat' dir='ltr'><strong>hac—absiste</strong></span> <span class='ocrx_word' id='word_1_143' title='bbox 1095 2130 1239 2185; x_wconf 84' lang='lat' dir='ltr'><strong>moveri-</strong></span> 
     </span>
     <span class='ocr_line' id='line_1_23' title="bbox 384 2205 1125 2286; baseline 0.004 -27"><span class='ocrx_word' id='word_1_144' title='bbox 384 2207 521 2271; x_wconf 88' lang='lat' dir='ltr'><strong>Amittes;</strong></span> <span class='ocrx_word' id='word_1_145' title='bbox 540 2205 617 2258; x_wconf 87' lang='lat' dir='ltr'><strong>habit</strong></span> <span class='ocrx_word' id='word_1_146' title='bbox 606 2209 647 2259; x_wconf 90' lang='lat' dir='ltr'><strong>tet</strong></span> <span class='ocrx_word' id='word_1_147' title='bbox 666 2209 764 2273; x_wconf 74' lang='lat' dir='ltr'><strong>tecum</strong></span> <span class='ocrx_word' id='word_1_148' title='bbox 783 2211 814 2260; x_wconf 86' lang='lat' dir='ltr'><strong>ct</strong></span> <span class='ocrx_word' id='word_1_149' title='bbox 832 2208 868 2261; x_wconf 91' lang='lat' dir='ltr'><strong>sit</strong></span> <span class='ocrx_word' id='word_1_150' title='bbox 885 2207 1022 2286; x_wconf 81' lang='lat' dir='ltr'><strong>pectore</strong></span> <span class='ocrx_word' id='word_1_151' title='bbox 1014 2225 1042 2260; x_wconf 92' lang='grc'><strong>111</strong></span> <span class='ocrx_word' id='word_1_152' title='bbox 1062 2209 1125 2262; x_wconf 90' lang='lat' dir='ltr'><strong>isto.</strong></span> 
     </span>
     <span class='ocr_line' id='line_1_24' title="bbox 383 2272 1240 2353; baseline 0 -17"><span class='ocrx_word' id='word_1_153' title='bbox 383 2282 410 2336; x_wconf 88' lang='lat' dir='ltr'>N</span> <span class='ocrx_word' id='word_1_154' title='bbox 411 2299 464 2335; x_wconf 91' lang='lat' dir='ltr'><strong>uno</strong></span> <span class='ocrx_word' id='word_1_155' title='bbox 477 2282 513 2335; x_wconf 91' lang='lat' dir='ltr'><strong>ad</strong></span> <span class='ocrx_word' id='word_1_156' title='bbox 524 2285 561 2349; x_wconf 86' lang='lat' dir='ltr'><strong>te,</strong></span> <span class='ocrx_word' id='word_1_157' title='bbox 575 2285 604 2336; x_wconf 88' lang='lat' dir='ltr'><strong>et</strong></span> <span class='ocrx_word' id='word_1_158' title='bbox 616 2285 665 2335; x_wconf 86' lang='lat' dir='ltr'><strong>tua</strong></span> <span class='ocrx_word' id='word_1_159' title='bbox 677 2299 782 2351; x_wconf 74' lang='lat' dir='ltr'><strong>magna</strong></span> <span class='ocrx_word' id='word_1_160' title='bbox 794 2287 882 2353; x_wconf 88' lang='lat' dir='ltr'><strong>pater,</strong></span> <span class='ocrx_word' id='word_1_161' title='bbox 895 2272 1019 2337; x_wconf 83' lang='lat' dir='ltr'><strong>consulta</strong></span> <span class='ocrx_word' id='word_1_162' title='bbox 1030 2287 1240 2339; x_wconf 66' lang='lat' dir='ltr'><strong>reverterim</strong></span> 
     </span>
     <span class='ocr_line' id='line_1_25' title="bbox 384 2358 1090 2427; baseline 0.001 -17"><span class='ocrx_word' id='word_1_163' title='bbox 384 2358 412 2410; x_wconf 85' lang='lat' dir='ltr'><strong>Si</strong></span> <span class='ocrx_word' id='word_1_164' title='bbox 431 2358 532 2411; x_wconf 89' lang='lat' dir='ltr'><strong>nullam</strong></span> <span class='ocrx_word' id='word_1_165' title='bbox 551 2362 613 2411; x_wconf 89' lang='lat' dir='ltr'><strong>nost</strong></span> <span class='ocrx_word' id='word_1_166' title='bbox 614 2358 653 2412; x_wconf 85' lang='lat' dir='ltr'><strong>ris</strong></span> <span class='ocrx_word' id='word_1_167' title='bbox 671 2359 744 2411; x_wconf 87' lang='lat' dir='ltr'><strong>ultra</strong></span> <span class='ocrx_word' id='word_1_168' title='bbox 762 2376 839 2427; x_wconf 90' lang='lat' dir='ltr'><strong>spem</strong></span> <span class='ocrx_word' id='word_1_169' title='bbox 856 2359 936 2427; x_wconf 91' lang='lat' dir='ltr'><strong>ponis</strong></span> <span class='ocrx_word' id='word_1_170' title='bbox 952 2359 981 2412; x_wconf 91' lang='lat' dir='ltr'><strong>in</strong></span> <span class='ocrx_word' id='word_1_171' title='bbox 999 2360 1090 2425; x_wconf 88' lang='lat' dir='ltr'><strong>armis,</strong></span> 
     </span>
     <span class='ocr_line' id='line_1_26' title="bbox 384 2434 1103 2503; baseline 0.003 -17"><span class='ocrx_word' id='word_1_172' title='bbox 384 2434 412 2486; x_wconf 84' lang='lat' dir='ltr'><strong>Si</strong></span> <span class='ocrx_word' id='word_1_173' title='bbox 430 2438 488 2487; x_wconf 83' lang='lat' dir='ltr'><strong>tam</strong></span> <span class='ocrx_word' id='word_1_174' title='bbox 507 2434 611 2488; x_wconf 87' lang='lat' dir='ltr'><strong>deserti</strong></span> <span class='ocrx_word' id='word_1_175' title='bbox 631 2451 731 2501; x_wconf 85' lang='lat' dir='ltr'><strong>sumus,</strong></span> <span class='ocrx_word' id='word_1_176' title='bbox 751 2438 780 2487; x_wconf 88' lang='lat' dir='ltr'><strong>et</strong></span> <span class='ocrx_word' id='word_1_177' title='bbox 797 2436 881 2488; x_wconf 89' lang='lat' dir='ltr'><strong>semel</strong></span> <span class='ocrx_word' id='word_1_178' title='bbox 899 2436 1007 2503; x_wconf 85' lang='lat' dir='ltr'><strong>agmine</strong></span> <span class='ocrx_word' id='word_1_179' title='bbox 1024 2452 1103 2488; x_wconf 78' lang='lat' dir='ltr'><strong>uerso</strong></span> 
     </span>
     <span class='ocr_line' id='line_1_27' title="bbox 384 2508 1233 2582; baseline 0.006 -22"><span class='ocrx_word' id='word_1_180' title='bbox 384 2508 524 2563; x_wconf 82' lang='lat' dir='ltr'><strong>Funditus</strong></span> <span class='ocrx_word' id='word_1_181' title='bbox 545 2511 699 2577; x_wconf 88' lang='lat' dir='ltr'><strong>occidimus,</strong></span> <span class='ocrx_word' id='word_1_182' title='bbox 718 2528 808 2579; x_wconf 89' lang='lat' dir='ltr'><strong>neque</strong></span> <span class='ocrx_word' id='word_1_183' title='bbox 825 2510 909 2565; x_wconf 89' lang='lat' dir='ltr'><strong>habet</strong></span> <span class='ocrx_word' id='word_1_184' title='bbox 927 2511 1048 2563; x_wconf 80' lang='lat' dir='ltr'><strong>Fortuna</strong></span> <span class='ocrx_word' id='word_1_185' title='bbox 1067 2530 1233 2582; x_wconf 82' lang='lat' dir='ltr'><strong>regressum,</strong></span> 
     </span>
     <span class='ocr_line' id='line_1_28' title="bbox 384 2584 1099 2655; baseline 0.008 -20"><span class='ocrx_word' id='word_1_186' title='bbox 384 2584 501 2639; x_wconf 82' lang='lat' dir='ltr'><strong>Oramus</strong></span> <span class='ocrx_word' id='word_1_187' title='bbox 519 2603 621 2655; x_wconf 88' lang='lat' dir='ltr'><strong>pacem,</strong></span> <span class='ocrx_word' id='word_1_188' title='bbox 640 2590 669 2640; x_wconf 86' lang='lat' dir='ltr'><strong>et</strong></span> <span class='ocrx_word' id='word_1_189' title='bbox 688 2586 800 2639; x_wconf 83' lang='lat' dir='ltr'><strong>dextras</strong></span> <span class='ocrx_word' id='word_1_190' title='bbox 818 2587 964 2640; x_wconf 86' lang='lat' dir='ltr'><strong>tendamus</strong></span> <span class='ocrx_word' id='word_1_191' title='bbox 981 2587 1099 2641; x_wconf 86' lang='lat' dir='ltr'><strong>inermis</strong></span> 
     </span>
     <span class='ocr_line' id='line_1_29' title="bbox 384 2659 1241 2731; baseline 0.011 -21"><span class='ocrx_word' id='word_1_192' title='bbox 384 2659 555 2727; x_wconf 80' lang='lat' dir='ltr'><strong>Quamquam</strong></span> <span class='ocrx_word' id='word_1_193' title='bbox 574 2679 589 2714; x_wconf 96' lang='lat' dir='ltr'><strong>o</strong></span> <span class='ocrx_word' id='word_1_194' title='bbox 609 2663 631 2714; x_wconf 89' lang='lat' dir='ltr'><strong>si</strong></span> <span class='ocrx_word' id='word_1_195' title='bbox 650 2662 747 2715; x_wconf 89' lang='lat' dir='ltr'><strong>solitae</strong></span> <span class='ocrx_word' id='word_1_196' title='bbox 765 2663 910 2731; x_wconf 91' lang='lat' dir='ltr'><strong>quicquam</strong></span> <span class='ocrx_word' id='word_1_197' title='bbox 928 2662 1039 2716; x_wconf 85' lang='lat' dir='ltr'><strong>virtutis</strong></span> <span class='ocrx_word' id='word_1_198' title='bbox 1057 2666 1187 2721; x_wconf 84' lang='lat' dir='ltr'><strong>adesset!</strong></span> <span class='ocrx_word' id='word_1_199' title='bbox 1206 2680 1241 2719; x_wconf 76' lang='lat'><strong>415</strong></span> 
     </span>
     <span class='ocr_line' id='line_1_30' title="bbox 384 2734 1057 2807; baseline 0.009 -22"><span class='ocrx_word' id='word_1_200' title='bbox 384 2734 436 2787; x_wconf 90' lang='lat' dir='ltr'><strong>Ille</strong></span> <span class='ocrx_word' id='word_1_201' title='bbox 453 2736 519 2787; x_wconf 91' lang='lat' dir='ltr'><strong>mihi</strong></span> <span class='ocrx_word' id='word_1_202' title='bbox 538 2740 603 2789; x_wconf 88' lang='lat' dir='ltr'><strong>ante</strong></span> <span class='ocrx_word' id='word_1_203' title='bbox 621 2738 687 2790; x_wconf 90' lang='lat' dir='ltr'><strong>alios</strong></span> <span class='ocrx_word' id='word_1_204' title='bbox 704 2737 916 2807; x_wconf 87' lang='lat' dir='ltr'><strong>fortunatusque</strong></span> <span class='ocrx_word' id='word_1_205' title='bbox 934 2738 1057 2791; x_wconf 90' lang='lat' dir='ltr'><strong>laborum</strong></span> 
     </span>
     <span class='ocr_line' id='line_1_31' title="bbox 384 2810 1099 2884; baseline 0.01 -22"><span class='ocrx_word' id='word_1_206' title='bbox 384 2810 572 2877; x_wconf 80' lang='lat' dir='ltr'><strong>Egregiusquc</strong></span> <span class='ocrx_word' id='word_1_207' title='bbox 590 2812 680 2879; x_wconf 88' lang='lat' dir='ltr'><strong>animi,</strong></span> <span class='ocrx_word' id='word_1_208' title='bbox 700 2812 754 2880; x_wconf 89' lang='lat' dir='ltr'><strong>qui,</strong></span> <span class='ocrx_word' id='word_1_209' title='bbox 772 2830 807 2867; x_wconf 92' lang='lat' dir='ltr'><strong>ne</strong></span> <span class='ocrx_word' id='word_1_210' title='bbox 826 2814 894 2882; x_wconf 90' lang='lat' dir='ltr'><strong>quid</strong></span> <span class='ocrx_word' id='word_1_211' title='bbox 911 2815 967 2868; x_wconf 84' lang='lat' dir='ltr'><strong>tale</strong></span> <span class='ocrx_word' id='word_1_212' title='bbox 983 2814 1099 2884; x_wconf 81' lang='lat' dir='ltr'><strong>videret,</strong></span> 
     </span>
     <span class='ocr_line' id='line_1_32' title="bbox 384 2884 1203 2954; baseline 0.012 -18"><span class='ocrx_word' id='word_1_213' title='bbox 384 2884 534 2938; x_wconf 82' lang='lat' dir='ltr'><strong>Procubuit</strong></span> <span class='ocrx_word' id='word_1_214' title='bbox 553 2886 679 2954; x_wconf 88' lang='lat' dir='ltr'><strong>moriens,</strong></span> <span class='ocrx_word' id='word_1_215' title='bbox 699 2891 727 2940; x_wconf 91' lang='lat' dir='ltr'><strong>et</strong></span> <span class='ocrx_word' id='word_1_216' title='bbox 745 2888 858 2942; x_wconf 90' lang='lat' dir='ltr'><strong>humum</strong></span> <span class='ocrx_word' id='word_1_217' title='bbox 877 2890 961 2943; x_wconf 89' lang='lat' dir='ltr'><strong>semel</strong></span> <span class='ocrx_word' id='word_1_218' title='bbox 979 2906 1026 2943; x_wconf 91' lang='lat' dir='ltr'><strong>oro</strong></span> <span class='ocrx_word' id='word_1_219' title='bbox 1044 2893 1203 2948; x_wconf 81' lang='lat' dir='ltr'><strong>momordit</strong></span> 
     </span>
     <span class='ocr_line' id='line_1_33' title="bbox 383 2960 1086 3035; baseline 0.007 -21"><span class='ocrx_word' id='word_1_220' title='bbox 383 2960 432 3015; x_wconf 84' lang='lat' dir='ltr'><strong>Sin</strong></span> <span class='ocrx_word' id='word_1_221' title='bbox 450 2964 480 3015; x_wconf 85' lang='lat' dir='ltr'><strong>et</strong></span> <span class='ocrx_word' id='word_1_222' title='bbox 498 2979 562 3032; x_wconf 91' lang='lat' dir='ltr'><strong>opes</strong></span> <span class='ocrx_word' id='word_1_223' title='bbox 580 2962 658 3015; x_wconf 86' lang='lat' dir='ltr'><strong>nobis</strong></span> <span class='ocrx_word' id='word_1_224' title='bbox 677 2966 705 3017; x_wconf 89' lang='lat' dir='ltr'><strong>et</strong></span> <span class='ocrx_word' id='word_1_225' title='bbox 723 2964 813 3017; x_wconf 88' lang='lat' dir='ltr'><strong>adhuc</strong></span> <span class='ocrx_word' id='word_1_226' title='bbox 830 2965 934 3019; x_wconf 81' lang='lat' dir='ltr'><strong>intacta</strong></span> <span class='ocrx_word' id='word_1_227' title='bbox 951 2965 1086 3035; x_wconf 77' lang='lat' dir='ltr'><strong>iuuentus,</strong></span> 
     </span>
     <span class='ocr_line' id='line_1_34' title="bbox 384 3038 1241 3110; baseline 0.007 -18"><span class='ocrx_word' id='word_1_228' title='bbox 384 3038 551 3108; x_wconf 82' lang='lat' dir='ltr'><strong>Auxilioque</strong></span> <span class='ocrx_word' id='word_1_229' title='bbox 569 3040 651 3093; x_wconf 88' lang='lat' dir='ltr'><strong>urbes</strong></span> <span class='ocrx_word' id='word_1_230' title='bbox 671 3039 759 3093; x_wconf 84' lang='lat' dir='ltr'><strong>Italae</strong></span> <span class='ocrx_word' id='word_1_231' title='bbox 777 3041 925 3109; x_wconf 89' lang='lat' dir='ltr'><strong>populique</strong></span> <span class='ocrx_word' id='word_1_232' title='bbox 943 3046 1099 3110; x_wconf 75' lang='lat' dir='ltr'><strong>supersunt,</strong></span> <span class='ocrx_word' id='word_1_233' title='bbox 1205 3060 1241 3099; x_wconf 76' lang='lat' dir='ltr'><strong>sao</strong></span> 
     </span>
     <span class='ocr_line' id='line_1_35' title="bbox 383 3113 1217 3185; baseline 0.018 -21"><span class='ocrx_word' id='word_1_234' title='bbox 383 3113 430 3166; x_wconf 81' lang='lat' dir='ltr'><strong>Sin</strong></span> <span class='ocrx_word' id='word_1_235' title='bbox 449 3118 479 3168; x_wconf 93' lang='lat' dir='ltr'><strong>et</strong></span> <span class='ocrx_word' id='word_1_236' title='bbox 498 3115 620 3169; x_wconf 83' lang='lat' dir='ltr'><strong>Troianis</strong></span> <span class='ocrx_word' id='word_1_237' title='bbox 639 3134 700 3170; x_wconf 90' lang='lat' dir='ltr'><strong>cum</strong></span> <span class='ocrx_word' id='word_1_238' title='bbox 718 3116 805 3170; x_wconf 90' lang='lat' dir='ltr'><strong>multo</strong></span> <span class='ocrx_word' id='word_1_239' title='bbox 823 3117 911 3185; x_wconf 81' lang='lat' dir='ltr'><strong>gloria</strong></span> <span class='ocrx_word' id='word_1_240' title='bbox 927 3120 1001 3172; x_wconf 80' lang='lat' dir='ltr'><strong>venit</strong></span> <span class='ocrx_word' id='word_1_241' title='bbox 1207 3143 1217 3179; x_wconf 77' lang='lat' dir='ltr'><strong>r</strong></span> 
     </span>
     <span class='ocr_line' id='line_1_36' title="bbox 383 3188 1191 3284; baseline 0.011 -43"><span class='ocrx_word' id='word_1_242' title='bbox 383 3188 533 3257; x_wconf 83' lang='lat' dir='ltr'><strong>Sanguine.</strong></span> <span class='ocrx_word' id='word_1_243' title='bbox 538 3196 634 3245; x_wconf 47' lang='lat' dir='ltr'><strong>*sunt</strong></span> <span class='ocrx_word' id='word_1_244' title='bbox 652 3193 705 3246; x_wconf 88' lang='lat' dir='ltr'><strong>illis</strong></span> <span class='ocrx_word' id='word_1_245' title='bbox 723 3209 772 3245; x_wconf 90' lang='lat' dir='ltr'><strong>sua</strong></span> <span class='ocrx_word' id='word_1_246' title='bbox 789 3193 893 3262; x_wconf 86' lang='lat' dir='ltr'><strong>funera,</strong></span> <span class='ocrx_word' id='word_1_247' title='bbox 910 3211 1015 3284; x_wconf 81' lang='lat' dir='ltr'><strong>parque</strong></span> <span class='ocrx_word' id='word_1_248' title='bbox 1031 3212 1082 3263; x_wconf 89' lang='lat' dir='ltr'><strong>per</strong></span> <span class='ocrx_word' id='word_1_249' title='bbox 1099 3197 1191 3251; x_wconf 86' lang='lat' dir='ltr'><strong>omnis</strong></span> 
     </span>
     <span class='ocr_line' id='line_1_37' title="bbox 383 3263 1047 3340; baseline 0.011 -25"><span class='ocrx_word' id='word_1_250' title='bbox 383 3263 576 3334; x_wconf 80' lang='lat' dir='ltr'><strong>Tempestas</strong></span> <span class='ocrx_word' id='word_1_251' title='bbox 549 3286 625 3328; x_wconf 82' lang='lat' dir='ltr'><strong>cur</strong></span> <span class='ocrx_word' id='word_1_252' title='bbox 643 3268 810 3322; x_wconf 89' lang='lat' dir='ltr'><strong>indecores</strong></span> <span class='ocrx_word' id='word_1_253' title='bbox 802 3286 831 3323; x_wconf 91' lang='grc'><strong>111</strong></span> <span class='ocrx_word' id='word_1_254' title='bbox 848 3270 941 3324; x_wconf 88' lang='lat' dir='ltr'><strong>limine</strong></span> <span class='ocrx_word' id='word_1_255' title='bbox 958 3272 1047 3340; x_wconf 88' lang='lat' dir='ltr'><strong>primo</strong></span> 
     </span>
     <span class='ocr_line' id='line_1_38' title="bbox 383 3336 1189 3435; baseline 0.015 -45"><span class='ocrx_word' id='word_1_256' title='bbox 383 3336 549 3396; x_wconf 84' lang='lat' dir='ltr'><strong>Deficimusl</strong></span> <span class='ocrx_word' id='word_1_257' title='bbox 574 3361 622 3397; x_wconf 90' lang='lat' dir='ltr'><strong>eur</strong></span> <span class='ocrx_word' id='word_1_258' title='bbox 641 3347 705 3397; x_wconf 86' lang='lat' dir='ltr'><strong>ante</strong></span> <span class='ocrx_word' id='word_1_259' title='bbox 724 3344 820 3399; x_wconf 90' lang='lat' dir='ltr'><strong>tubam</strong></span> <span class='ocrx_word' id='word_1_260' title='bbox 837 3349 941 3400; x_wconf 89' lang='lat' dir='ltr'><strong>tremor</strong></span> <span class='ocrx_word' id='word_1_261' title='bbox 959 3350 1074 3435; x_wconf 83' lang='lat' dir='ltr'><strong>occupat</strong></span> <span class='ocrx_word' id='word_1_262' title='bbox 1090 3350 1189 3403; x_wconf 85' lang='lat' dir='ltr'><strong>artusl</strong></span> 
     </span>
     <span class='ocr_line' id='line_1_39' title="bbox 371 3412 1241 3493; baseline -0.001 -21"><span class='ocrx_word' id='word_1_263' title='bbox 371 3412 466 3475; x_wconf 83' lang='lat' dir='ltr'><strong>Mula</strong></span> <span class='ocrx_word' id='word_1_264' title='bbox 485 3418 547 3476; x_wconf 86' lang='lat' dir='ltr'><strong>dies</strong></span> <span class='ocrx_word' id='word_1_265' title='bbox 566 3422 694 3493; x_wconf 87' lang='lat' dir='ltr'><strong>variique</strong></span> <span class='ocrx_word' id='word_1_266' title='bbox 709 3420 789 3475; x_wconf 86' lang='lat' dir='ltr'><strong>labor</strong></span> <span class='ocrx_word' id='word_1_267' title='bbox 806 3422 950 3474; x_wconf 62' lang='lat' dir='ltr'><strong>mutabilis</strong></span> <span class='ocrx_word' id='word_1_268' title='bbox 964 3423 1060 3480; x_wconf 71' lang='lat' dir='ltr'><strong>aeui</strong></span> <span class='ocrx_word' id='word_1_269' title='bbox 1204 3440 1241 3479; x_wconf 65' lang='lat'><strong>425</strong></span> 
     </span>
     <span class='ocr_line' id='line_1_40' title="bbox 359 3489 1086 3566; baseline -0.012 -19"><span class='ocrx_word' id='word_1_270' title='bbox 359 3489 525 3555; x_wconf 78' lang='lat' dir='ltr'><strong>Rettulit</strong></span> <span class='ocrx_word' id='word_1_271' title='bbox 514 3518 543 3555; x_wconf 91' lang='grc'><strong>111</strong></span> <span class='ocrx_word' id='word_1_272' title='bbox 563 3502 690 3566; x_wconf 89' lang='lat' dir='ltr'><strong>melius;</strong></span> <span class='ocrx_word' id='word_1_273' title='bbox 708 3498 816 3551; x_wconf 82' lang='lat' dir='ltr'><strong>multos</strong></span> <span class='ocrx_word' id='word_1_274' title='bbox 833 3495 946 3547; x_wconf 85' lang='lat' dir='ltr'><strong>alterna</strong></span> <span class='ocrx_word' id='word_1_275' title='bbox 959 3494 1086 3541; x_wconf 66' lang='lat' dir='ltr'><strong>revisens</strong></span> 
     </span>
     <span class='ocr_line' id='line_1_41' title="bbox 347 3562 1082 3636; baseline -0.014 -5"><span class='ocrx_word' id='word_1_276' title='bbox 347 3564 438 3631; x_wconf 66' lang='lat' dir='ltr'><strong>lusit</strong></span> <span class='ocrx_word' id='word_1_277' title='bbox 455 3579 524 3635; x_wconf 89' lang='lat' dir='ltr'><strong>et</strong></span> <span class='ocrx_word' id='word_1_278' title='bbox 511 3596 543 3635; x_wconf 90' lang='lat' dir='ltr'><strong>m</strong></span> <span class='ocrx_word' id='word_1_279' title='bbox 563 3580 665 3636; x_wconf 90' lang='lat' dir='ltr'><strong>solido</strong></span> <span class='ocrx_word' id='word_1_280' title='bbox 686 3588 795 3631; x_wconf 84' lang='lat' dir='ltr'><strong>rursus</strong></span> <span class='ocrx_word' id='word_1_281' title='bbox 810 3562 1082 3623; x_wconf 57' lang='lat' dir='ltr'><strong>retransmeant</strong></span> 
     </span>
    </p>
   </div>
   <div class='ocr_carea' id='block_1_3' title="bbox 0 0 1632 4159">
    <p class='ocr_par' dir='ltr' id='par_1_3' title="bbox 0 0 1632 4159">
     <span class='ocr_line' id='line_1_42' title="bbox 0 0 1632 4159; baseline 0 0"><span class='ocrx_word' id='word_1_282' title='bbox 0 0 1632 4159; x_wconf 95' lang='lat' dir='ltr'><strong> </strong></span> 
     </span>
    </p>
   </div>
  </div>
 </body>
</html>
