3242 4159
367 528 416 580 174
604 522 997 576 r.vnne1n1uasorv1s
1060 511 1065 519 '

367 606 449 661 Vade
466 622 524 673 age,
542 609 572 659 et
590 603 716 670 Ascanio,
734 603 757 657 si
774 604 829 657 iam
846 605 951 673 puerile
968 612 1097 675 paratum

369 685 477 750 Agmen
495 680 581 734 habet
598 696 696 746 secum,
715 696 865 748 cursusque
883 682 1015 738 instruxit
1033 703 1178 759 equorum,

368 757 458 813 Ducat
475 774 525 811 avo
543 760 655 823 turmas,
675 760 704 810 et
722 773 781 809 sese
800 758 928 812 ostendat
944 760 974 812 in
991 762 1084 829 armis,
1186 778 1220 820 sss

368 835 426 902 Dic,
444 836 489 888 ait.
528 834 591 902 Ipse
610 850 717 886 omnem
735 832 816 900 longo
835 833 970 888 decedere
987 837 1060 891 oiroo

369 912 492 965 Infusum
510 910 647 979 populum,
666 913 695 963 et
713 925 823 976 campos
840 908 919 963 iubet
935 927 997 966 esse
1013 915 1147 983 patentis

369 988 505 1041 Incedunt
522 986 607 1054 pueri,
625 986 783 1054 pariterque
803 989 869 1039 ante
886 1003 935 1040 ora
952 993 1100 1057 parentum

369 1062 495 1115 lirenatis
513 1062 608 1115 lucent
622 1063 650 1115 in
668 1062 753 1131 equis,
772 1079 841 1131 quos
858 1063 946 1116 omnis
963 1065 1055 1119 euntis

369 1138 522 1191 Trinacriae
540 1137 639 1191 mirata
655 1137 749 1191 fremit
767 1136 919 1206 Troiaeque
936 1138 1071 1195 iuventus
1189 1156 1223 1195 stt

369 1213 501 1267 Omnibus
519 1214 546 1267 in
564 1231 668 1269 morem
685 1217 765 1267 tonsa
781 1230 859 1267 coma
875 1230 971 1281 pressa
987 1231 1103 1283 eorona3

369 1290 475 1345 Cornea
492 1290 557 1343 bina
574 1290 666 1344 ierunt
683 1290 805 1359 praelixa
823 1289 932 1343 hastilia
949 1291 1037 1356 ferr03
1106 1324 1108 1327 -

370 1366 437 1420 Pars
454 1367 521 1420 levis
539 1367 651 1421 humero
668 1366 826 1435 pharetras3
846 1365 869 1418 it
887 1368 1001 1434 pectore
1019 1382 1128 1421 summo

370 1442 481 1497 Flexilis
499 1444 602 1497 obtorti
619 1460 669 1511 per
687 1442 786 1495 collum
804 1441 921 1495 circulus
938 1442 1006 1497 auri.

369 1520 437 1573 Tres
455 1521 577 1588 equitum
595 1536 708 1571 numero
725 1521 841 1585 turmae,
858 1518 987 1586 ternique
1004 1521 1143 1586 vagantur
1189 1534 1224 1573 tea

369 1595 518 1660 Ductores3
535 1595 613 1663 pueri
632 1593 748 1646 bisseni
768 1610 905 1662 quemque
925 1593 1012 1648 secuti

370 1672 487 1739 Agmine
505 1671 607 1739 partito
624 1670 732 1737 fulgent
748 1668 916 1737 paribusque
932 1670 1080 1737 magistris.

368 1746 432 1801 Una
449 1747 520 1801 acies
538 1746 673 1812 iuvenum,
692 1745 768 1799 ducit
784 1761 867 1813 quam
884 1761 985 1812 parvus
1002 1749 1130 1800 ovantem

369 1823 476 1877 Nomen
494 1823 537 1877 avi
553 1824 674 1877 referens
694 1822 825 1887 Priamus,
843 1823 893 1873 tua
909 1820 989 1887 clara,
1009 1821 1107 1889 Polite,

370 1900 525 1967 Progenies,
543 1904 656 1954 auctura
675 1898 776 1962 Italos;
794 1914 876 1966 quem
894 1897 1024 1951 Thracius
1042 1897 1112 1952 albis
1188 1912 1223 1950 sa

369 1974 467 2028 Portet
485 1992 571 2043 equus
589 1975 692 2028 bicolor
708 1974 828 2040 maculis,
845 1971 961 2040 vestigia
978 1973 1060 2041 primi

370 2050 443 2105 Alba
460 2050 538 2119 podis
555 2051 728 2119 frontemque
746 2052 888 2102 ostentans
905 2048 1007 2102 arduus
1025 2047 1124 2103 albam.
1194 2094 1201 2110 ,

370 2127 452 2180 Alter
470 2128 549 2194 Atys,
567 2142 653 2192 genus
670 2124 744 2177 unde
763 2125 824 2177 Atii
842 2124 946 2177 dvrxere
964 2123 1064 2193 Latini,

369 2202 473 2254 Parvus
493 2204 569 2268 Atys,
587 2216 727 2268 pueroque
744 2217 815 2268 puer
833 2199 948 2253 dilectus
967 2198 1035 2253 Iulo.

369 2277 524 2343 Extremus,
542 2276 682 2342 formaque
700 2278 764 2329 ante
782 2275 869 2328 omnis
886 2275 1007 2343 pulcher,
1027 2274 1106 2328 Iulus
1187 2290 1223 2329 ero

369 2352 481 2407 Sidonio
499 2357 542 2407 est
558 2353 681 2405 invectus
699 2368 776 2420 equo,
794 2367 876 2419 quem
894 2350 1009 2404 candida
1026 2350 1101 2404 Dido

369 2430 437 2483 Esse
454 2429 497 2483 sui
514 2429 630 2483 dederat
648 2430 853 2482 monumentum
871 2431 901 2480 et
917 2427 1016 2496 pignus
1034 2426 1144 2481 amoris.

370 2506 470 2559 Cetera
488 2504 632 2559 Trinacriis
649 2504 737 2573 pubes
755 2502 868 2557 senioris
888 2505 1006 2557 Acestae

370 2582 471 2635 Fertur
489 2582 574 2650 cquis.

370 2658 516 2725 Excipiunt
533 2658 631 2726 plausu
648 2656 767 2724 pavidos,
785 2655 962 2724 gaudentque
979 2658 1091 2709 tuentes
1180 2671 1226 2710 sss

370 2732 552 2797 Dardanidae,
570 2735 749 2799 veterumque
767 2731 937 2799 adgnoscunt
954 2747 1003 2785 ora
1019 2734 1175 2800 parentum.

371 2808 519 2875 Postquam
537 2823 644 2860 omnem
662 2806 729 2859 laeti
746 2823 902 2860 consessum
920 2807 1066 2875 oculosque
1083 2823 1197 2860 suorum

370 2884 536 2937 Lustravere
553 2882 580 2936 in
599 2882 682 2950 equis,
700 2882 807 2950 signum
826 2882 945 2937 clamore
962 2881 1065 2952 paratis

371 2958 503 3028 Epytides
520 2959 600 3026 longe
617 2957 695 3011 dedit
712 2958 889 3027 insonuitque
906 2958 1021 3026 flagello.

372 3036 426 3091 Olli
445 3036 599 3089 discurrere
616 3051 704 3103 pares,
723 3039 807 3103 atque
825 3035 934 3102 agmina
951 3034 1024 3087 terni
1194 3046 1231 3083 sao

372 3107 499 3167 Diductis
517 3113 621 3166 solvero
638 3111 734 3178 choris,
753 3127 902 3178 rursusque
919 3110 1010 3163 vocati

373 3190 539 3243 Convertere
557 3190 613 3241 vias
630 3188 782 3255 infestaque
800 3185 856 3239 tela
873 3184 970 3239 tulere.

373 3265 444 3318 Inde
461 3264 527 3317 alios
544 3266 639 3317 ineunt
656 3279 751 3317 cursus
768 3261 890 3330 aliosque
907 3274 1033 3313 recursus

374 3340 492 3393 Adversi
511 3341 612 3408 spatiis,
632 3340 806 3408 alternosque
825 3336 936 3390 orbibus
954 3333 1028 3388 orbis

364 3415 528 3485 'Inpediunt
545 3432 708 3486 pugnaeque
726 3414 800 3469 cient
819 3412 963 3467 simulacra
980 3408 1031 3462 sub
1049 3406 1150 3473 armis}
1191 3416 1232 3457 sse

333 3561 335 3566 Ι
354 3489 400 3543 Et
411 3508 489 3548 nuno
505 3497 588 3566 terga
605 3496 675 3567 fuga
693 3493 816 3563 nudant,
831 3505 908 3546 nunc
924 3484 1032 3556 spicula
1044 3484 1162 3535 stiffi

333 3559 456 3639 Mass,
475 3572 558 3630 nota
572 3576 692 3646 pariter
712 3590 792 3631 nunc
810 3587 885 3643 paee
901 3562 1045 3629 leffium·
