3242 4159
386 527 418 571 66
624 523 827 571 GEORGICON
851 523 919 572 LIB.
945 524 998 572 lll.

386 601 498 669 Vipera,
517 604 547 654 et
563 601 672 654 attoniti
693 602 813 669 squamis
832 602 1006 656 adstantibus
1024 604 1111 671 hydri.
1207 623 1244 661 sss

386 679 520 747 Ipsis-est
537 694 585 730 aer
603 678 699 731 avibus
719 694 772 731 non
790 696 902 747 aequus,
921 679 1030 733 otiliae

386 754 554 822 Praecipites
572 754 628 807 alta
646 754 729 807 vitam
748 754 799 808 snb
819 755 890 808 nubo
909 755 1075 824 relinquunt.

386 832 534 886 Praeterea
551 831 605 884 iam
624 847 673 883 nee
692 832 791 883 mutari
810 832 913 899 pabula
930 832 1022 899 refert,

385 908 586 975 Quaesitaeque
604 910 702 960 nocent
721 911 810 973 artes3
832 924 939 962 cessere
956 909 1088 979 magistri,

384 984 548 1052 Phillyrides
568 982 668 1036 Chiron
690 984 943 1052 Anqthaoniusquo
961 985 1122 1055 Melampus.
1207 1006 1243 1044 aro

384 1061 484 1128 Saevit,
503 1065 533 1114 et
549 1060 576 1112 in
595 1060 683 1112 lucem
702 1060 802 1129 Stygiis
821 1061 920 1115 emissa
938 1062 1060 1115 tenebris

384 1137 491 1192 Pallida
509 1136 655 1205 Tisiphone
674 1136 785 1191 Morbos
804 1138 945 1205 agitante
964 1138 1133 1207 Metumque,

384 1214 474 1283 Inque
492 1214 551 1267 dies
569 1213 679 1268 aridum
699 1230 814 1281 surgens
833 1218 916 1282 eaput
933 1213 1015 1267 altius
1033 1214 1120 1269 effert.

384 1289 483 1344 Balatu
500 1307 629 1360 pecorum
648 1294 677 1344 et
694 1290 798 1344 crebris
817 1289 967 1357 nurgitibus
985 1306 1078 1343 arunas

384 1369 558 1437 Arentesque
576 1370 673 1421 serrant
691 1367 767 1435 ripae
785 1366 923 1434 collesque
942 1366 1038 1433 supini.
1204 1386 1240 1421 aar

384 1444 500 1513 Iamque
516 1443 677 1498 eaterratim
696 1442 744 1497 dat
763 1446 883 1509 stragem
901 1446 985 1510 atquo
1003 1446 1118 1511 aggerat
1135 1444 1202 1511 ipsis

384 1520 418 1573 In
437 1520 551 1573 stabulis
567 1519 642 1587 turpi
661 1519 766 1586 dilapsa
784 1518 918 1572 caderem
935 1518 1007 1586 tabe,

383 1595 477 1649 Donec
494 1595 576 1648 humo
594 1598 690 1662 tegere
707 1611 738 1647 ae
756 1594 840 1648 foveis
857 1594 1024 1648 abscondere
1041 1596 1157 1653 diseunt

383 1672 455 1726 Nam
473 1689 563 1741 neque
581 1675 641 1726 erat
659 1672 740 1725 coriis
757 1687 831 1739 usus,
849 1687 899 1724 nee
918 1673 1022 1725 viscera
1040 1672 1186 1742 quisquam

383 1750 444 1805 Ant
460 1749 541 1803 undis
559 1749 668 1803 abolere
686 1751 786 1817 potest,
803 1751 853 1802 aut
871 1748 980 1801 vincere
997 1747 1120 1813 flammam
1199 1766 1238 1805 seo

382 1823 427 1880 Ne
444 1825 559 1880 tendere
577 1826 689 1895 quidem
707 1824 803 1878 morbo
822 1824 979 1893 inluvieque
997 1840 1097 1893 peresa

382 1900 495 1956 Vellera
511 1919 561 1956 neo
579 1901 648 1957 telas
665 1904 780 1971 possunt
798 1902 936 1968 attingere
953 1900 1058 1968 putris3

381 1975 487 2032 Verum
505 1980 595 2047 etiam,
614 1979 714 2032 invisos
732 1978 835 2046 siquis
853 1979 1004 2044 temptarat
1021 1978 1145 2047 amiotus,

382 2054 522 2109 Ardentes
539 2056 653 2124 papulae
671 2058 755 2124 atque
772 2054 919 2107 inmundus
936 2053 1037 2107 olentia
1055 2054 1138 2120 sudor

383 2128 509 2184 Membra
526 2131 696 2199 sequebatur,
714 2148 764 2185 nee
782 2130 862 2197 longo
881 2129 982 2183 deinde
999 2130 1116 2183 moranti
1199 2148 1237 2187 aas
1271 2162 1273 2165 -

383 2204 516 2277 Tempore
532 2212 670 2261 contactos
688 2212 764 2262 artus
783 2222 860 2259 sacer
877 2203 948 2265 ignis
966 2203 1074 2258 edebat.
