3242 4159
633 522 819 573 AENEIDOS
836 523 908 574 LIB.
925 522 961 572 V.
1177 523 1224 573 161

367 606 469 672 Quove
485 603 579 673 magis
590 603 677 659 fessas
694 607 787 674 optem
806 604 953 679 demittere
969 602 1055 675 navis,

368 683 463 747 Quam
480 698 551 751 quae
568 681 738 735 Dardanium
756 680 838 735 tellus
855 680 921 733 mihi
939 683 1031 735 servat
1048 678 1177 751 Acesten,
1203 694 1227 735 ao

369 759 412 812 Et
429 759 517 827 patris
531 757 673 811 Anchisae
691 757 795 825 gremio
814 756 995 826 conplectitur
1012 760 1089 813 essai

370 836 453 889 Haec
469 834 516 907 ubi
534 834 615 901 dicta,
633 838 733 903 petunt
750 837 854 902 portus,
872 837 901 888 et
917 836 979 888 vela
995 835 1107 889 secundi

370 910 528 966 Intendunt
546 910 677 978 Zephyri;
694 910 783 964 fertur
800 910 856 964 cita
872 911 982 979 gurgite
1000 912 1102 981 classis,

368 988 411 1041 Et
428 986 624 1041 tandemlacti
641 990 723 1040 notae
741 987 923 1041 advertuntur
940 1003 1047 1043 arenae.

410 1067 452 1118 At
468 1063 563 1134 procul
581 1062 688 1116 excelso
706 1063 821 1117 miratus
838 1064 941 1117 vertice
958 1065 1059 1118 montis

369 1141 535 1195 Adventum
552 1139 692 1207 sociasque
710 1142 784 1193 rates
802 1140 920 1193 occurrit
938 1143 1063 1209 Acestes,

370 1216 512 1270 Horridus
530 1215 559 1269 in
575 1215 669 1269 iaculis
686 1218 716 1268 et
733 1216 804 1283 pelle
824 1216 973 1283 Libystidis
989 1233 1078 1285 ursae,

366 1293 455 1346 Troia
472 1292 588 1345 (insumo
605 1295 766 1359 conceptum
783 1291 894 1345 flumine
912 1295 1001 1347 mater

368 1368 462 1432 Quem
479 1368 581 1435 genuit
618 1366 753 1421 Veterum
770 1384 824 1421 non
841 1369 975 1422 inmemor
991 1369 1038 1425 ille
1054 1372 1201 1440 parentum

367 1446 509 1499 Gratatur
524 1444 640 1498 reduces
657 1449 687 1498 et
704 1461 771 1511 gaza
788 1445 877 1499 laetus
894 1446 995 1514 agrest‘
1203 1460 1228 1499 eo

369 1521 491 1589 Excipit,
508 1538 539 1573 ac
556 1520 642 1574 fessos
660 1521 758 1589 opibus
775 1521 878 1575 solatur
895 1522 995 1577 aulicis

409 1598 525 1652 Postera
542 1613 603 1651 cum
621 1596 709 1665 primo
727 1597 820 1651 stellas
839 1598 952 1653 Oriente
968 1599 1078 1667 fugarat

368 1674 457 1727 Clara
473 1673 541 1741 dies,
560 1673 646 1727 socios
664 1672 692 1726 in
711 1677 819 1727 coetum
837 1674 918 1727 litore
936 1674 971 1727 ab
990 1674 1063 1728 omni

370 1748 501 1803 Advocat
520 1752 637 1815 Aeneas,
656 1749 808 1817 tumulique
826 1766 860 1802 ex
879 1766 979 1817 aggere
995 1751 1082 1804 fatur:

369 1825 550 1879 Dardanidae
567 1826 667 1893 magni,
684 1842 771 1894 genus
789 1825 845 1879 alto
863 1841 880 1881 a
897 1826 1028 1893 sanguine
1046 1825 1147 1893 divom,
1203 1838 1228 1879 45

370 1902 491 1956 Annuus
510 1902 613 1955 exactis
630 1901 773 1969 conpletur
790 1900 929 1955 mensibus
947 1902 1029 1970 orbis,

370 1978 416 2031 Ex
435 1994 489 2046 quo
506 1977 636 2045 reliquias
656 1977 797 2046 divinique
816 1993 878 2031 ossa
894 1978 1017 2046 parentis

368 2054 554 2107 Condidimus
571 2058 647 2107 terra
664 2057 838 2122 maestasque
857 2054 1023 2109 sacravimus
1041 2071 1110 2111 aras

372 2130 490 2199 lamque
508 2131 574 2197 dies,
592 2130 644 2183 nisi
662 2128 748 2197 fallor,
765 2130 853 2197 adest,
868 2147 950 2199 quem
966 2148 1075 2202 semper
1090 2130 1228 2196 acerbum,

368 2207 489 2276 Semper
505 2206 743 2260 honoratum—sic
761 2206 789 2259 di
808 2207 1083 2262 voluistis-habebo.
1109 2240 1111 2243 -
1202 2219 1228 2259 oo

373 2283 456 2337 Hunc
474 2299 524 2351 ego
543 2282 794 2351 Gaetulisagcrem
813 2283 836 2335 si
854 2283 979 2351 Syrtibus
997 2284 1082 2353 exsvrl,

372 2359 537 2427 Argolicove
554 2358 623 2411 mari
641 2359 792 2428 deprensus
810 2363 839 2413 et
857 2359 925 2413 urbe
943 2360 1080 2427 Mycenae,

373 2437 475 2489 Annua
492 2440 556 2488 vota
573 2438 666 2489 tamen
684 2434 877 2502 sollemnisque
894 2434 990 2488 ordine
1007 2450 1120 2503 pompas

373 2512 555 2579 Exsequorer‚
573 2516 763 2580 strueremque
781 2512 837 2565 suis
854 2511 952 2565 altaria
970 2510 1056 2564 donis

372 2587 453 2662 Nunc
471 2588 544 2641 ultro
562 2589 598 2641 ad
617 2588 722 2641 cineres
740 2589 826 2657 ipsius
843 2592 873 2642 et
890 2605 951 2641 ossa
968 2587 1097 2657 parentis,
1204 2600 1229 2639 aa

374 2664 460 2718 Haud
477 2664 605 2731 equidem
624 2664 681 2718 sine
698 2668 791 2718 mente
809 2682 879 2731 reor,
898 2665 955 2719 sino
973 2663 1083 2718 numine
1100 2661 1199 2730 divom,

373 2740 516 2793 Adsumus
533 2744 562 2794 et
579 2744 677 2809 portus
695 2740 780 2794 delati
797 2742 932 2795 intramus
949 2740 1057 2795 amieos.

373 2817 449 2883 Ergo
467 2817 549 2885 agite,
569 2820 598 2871 et
614 2818 718 2871 laetum
736 2819 827 2871 cuncti
846 2818 1014 2872 celebremus
1032 2818 1178 2881 honorem;
1261 2871 1262 2878 χ

372 2891 522 2947 Posoamus
539 2896 643 2962 ventos,
661 2898 745 2963 atque
762 2894 830 2948 haec
847 2910 892 2948 me
910 2911 987 2948 saera
1005 2897 1072 2962 quot
1089 2892 1166 2946 annis

371 2970 450 3025 Urbe
468 2972 535 3025 velit
553 2972 642 3041 posita
660 2970 771 3039 templis
789 2971 841 3024 sibi
858 2971 933 3024 ferre
952 2970 1055 3023 dicatis.

372 3047 444 3101 Bina
461 3047 544 3102 boum
562 3048 639 3101 vobis
658 3047 738 3100 Troia
755 3050 903 3115 generatus
923 3046 1039 3099 Acestes

372 3122 429 3177 Dat
447 3141 560 3178 numero
578 3124 667 3192 capita
685 3124 714 3176 in
731 3123 824 3187 navis;
841 3122 972 3176 adhibete
991 3119 1101 3173 Penatis

372 3198 411 3253 llt
428 3201 532 3268 patrios
551 3199 638 3268 epulis
656 3203 685 3252 et
703 3215 771 3267 quos
789 3198 854 3251 colit
872 3197 971 3265 hospes
991 3198 1115 3249 Acestes.

372 3276 529 3345 Praeterea,
548 3277 571 3329 si
588 3272 659 3329 nona
678 3275 752 3328 diem
769 3273 930 3327 mortalibus
947 3272 1048 3326 almum

373 3354 484 3407 Aurora
502 3352 633 3406 extulerit
651 3352 788 3420 radiisque
806 3349 941 3403 retexerit
958 3347 1061 3414 orbem,

373 3429 464 3482 Prima
483 3429 554 3481 citae
573 3428 682 3481 Teucris
699 3444 801 3498 ponam
819 3425 972 3482 certamina
988 3422 1100 3489 elassis,

361 3502 471 3564 Quique
484 3503 590 3566 pedum
611 3521 696 3559 cursu
716 3506 802 3577 valet,
823 3510 856 3562 et
873 3506 926 3579 qui
940 3502 1053 3561 viribus
1068 3497 1171 3554 audax

355 3572 518 3627 retiaculo
535 3578 646 3633 incedit
665 3585 775 3643 melior
792 3587 974 3661 levibusque
992 3577 1127 3655 ⁸22⁴*le
