3242 4159
389 527 440 580 252
618 522 650 572 P.
669 521 824 572 VERGILI
846 520 1013 571 MARONIS

389 608 472 663 Stant
487 600 577 672 longis
593 603 687 658 adnixi
704 603 791 658 hastis
809 606 839 658 et
855 607 934 657 scuta
950 604 1079 657 tenentes

355 665 366 698 '
391 684 550 737 Castrorum
568 684 597 734 ot
614 681 702 749 campi
719 679 818 734 nredio.
853 679 923 733 'lum
941 679 1025 733 Nisus
1043 683 1074 733 et
1090 696 1147 735 una
1206 693 1243 733 asu

391 758 523 826 Euryalus
541 757 684 811 confestim
703 756 808 810 alacres
825 755 969 810 admittier
987 760 1082 821 orant;

391 835 462 889 Rem
479 850 614 901 magnam,
632 833 806 901 pretiumque
824 848 917 886 morae
934 832 1001 887 fore.
1037 831 1147 886 Primus
1165 832 1243 886 Iulus

391 910 509 980 Accepit
527 909 658 978 trepidos,
676 925 707 962 ac
725 908 824 961 Nisum
842 908 936 963 dicere
952 908 1040 963 iussit

391 987 460 1040 'lum
478 986 517 1040 sic
536 984 713 1054 Hyrtacides:
733 984 840 1038 Audite
857 1001 874 1038 o
891 984 1030 1039 mentibus
1047 986 1150 1055 aequis,

392 1062 548 1130 Aeneadae,
566 1078 635 1115 neve
652 1060 719 1115 haec
737 1061 839 1115 nostris
857 1064 1015 1129 spectentur
1032 1062 1171 1131 absume,
1208 1076 1244 1116 aas

391 1139 467 1202 Quae
485 1138 605 1192 ferinms.
641 1137 739 1191 Rutuli
756 1153 851 1190 somno
870 1138 989 1207 vinoque
1007 1138 1091 1193 soluti

392 1215 568 1280 Conticuere;
592 1214 681 1268 locum
697 1214 804 1268 insidiis
822 1215 1015 1286 conspeximus
1032 1216 1092 1284 ipsi,

391 1289 445 1354 Qui
462 1292 541 1359 patet
558 1289 587 1342 in
605 1290 678 1344 bivio
695 1292 800 1359 portae,
818 1306 889 1358 quae
905 1306 1040 1359 proxuma
1056 1294 1156 1360 ponto;

392 1365 548 1436 Interrupti
565 1367 651 1434 ignes,
669 1370 785 1434 aterque
802 1365 839 1419 ad
856 1365 948 1420 sidera
965 1366 1057 1421 fumus

392 1442 531 1511 Erigitur3
555 1442 579 1496 si
596 1444 706 1497 fortuna
722 1441 885 1511 permittitis
902 1442 952 1509 uti,
1209 1457 1246 1496 aaa

393 1518 554 1581 Quaesitum
574 1521 688 1572 Aenean
706 1522 735 1571 et
754 1517 861 1571 moenia
879 1518 1034 1573 Pallantea:

392 1595 458 1647 Mox
476 1595 520 1648 hic
538 1610 601 1648 cum
619 1594 719 1663 spoliis,
737 1593 842 1661 ingenti
860 1593 946 1647 caede
962 1598 1081 1663 peracta,

393 1671 500 1725 Adsere
517 1670 646 1726 cernetis.
682 1670 708 1723 N
711 1686 742 1723 ec
759 1686 809 1724 nos
827 1670 871 1724 via
888 1670 959 1724 fallit
976 1672 1082 1727 euntis:
1182 1682 1185 1690 '

392 1746 520 1802 Vidimus
537 1747 660 1802 obscuris
677 1748 794 1816 primam
811 1746 864 1800 sub
881 1746 997 1800 vallibus
1013 1747 1110 1802 urbem

392 1822 503 1879 Venatu
521 1824 636 1879 adsiduo
654 1828 683 1879 et
700 1826 791 1877 totum
807 1822 983 1891 cognovimus
999 1838 1113 1877 amnem
1210 1840 1247 1880 aas

394 1898 449 1953 Hic
465 1901 543 1954 annis
559 1902 651 1969 gravis
668 1903 753 1968 atque
770 1898 853 1952 animi
870 1901 995 1952 maturus
1013 1900 1123 1954 Aletes:

393 1973 430 2027 Di
448 1976 537 2043 patrii,
556 1993 671 2044 quorum
689 1992 798 2043 semper
816 1973 866 2027 sub
883 1974 995 2028 numine
1008 1975 1093 2028 -Troia
1110 1978 1162 2044 est,

393 2049 456 2103 Non
473 2056 566 2104 tamen
584 2052 692 2104 omnino
711 2050 829 2103 Teucros
847 2049 941 2104 dolere
958 2050 1069 2119 paratis,

394 2125 464 2179 (lum
480 2125 543 2179 talis
561 2126 665 2180 animos
683 2126 812 2179 iuvenum
830 2129 935 2180 ettam
953 2130 1029 2180 certa
1046 2127 1151 2181 tulistis

394 2201 515 2255 Pectora.
533 2232 568 2241 -
586 2202 631 2255 Sic
660 2217 822 2262 memorans,
849 2202 978 2256 humeros
1006 2202 1177 2272 dextrasque
1206 2210 1247 2260 te

463 2278 547 2331 nebat
856 2293 874 2332 ι
1211 2297 1248 2334 aso

395 2352 555 2420 Amborum,
573 2358 603 2407 et
620 2354 724 2407 voltum
741 2352 861 2407 lacrimis
878 2356 963 2423 atque
980 2371 1029 2408 ora
1045 2354 1200 2423 rigabat.-

396 2428 471 2491 Quae
489 2428 573 2497 vobis,
592 2447 662 2498 quae
680 2429 770 2497 digna,
788 2428 848 2494 viri,
865 2446 916 2498 pro
933 2430 1060 2484 laudibus
1078 2432 1140 2485 istis

395 2503 520 2559 Praemia
536 2522 616 2574 posse
633 2523 696 2560 rear
714 2505 799 2559 solvil
822 2505 1005 2574 pulcherrima
1021 2507 1141 2576 primum

397 2580 429 2632 lli
447 2598 591 2650 moresque
609 2581 714 2635 dabunt
731 2580 833 2647 vestri3
856 2584 917 2634 tum
934 2568 1027 2636 cetera
1043 2582 1146 2637 reddet

396 2658 529 2710 Actutum
547 2658 609 2725 pius
627 2659 738 2710 Aeneas
755 2659 841 2724 atque
857 2656 967 2725 integer
984 2658 1044 2713 aeri
1212 2676 1249 2715 aas

397 2734 537 2800 Ascanius,
554 2733 647 2786 meriti
665 2732 736 2785 tanti
754 2749 807 2785 non
826 2733 960 2787 inmemor
976 2752 1113 2803 umquam.

396 2808 482 2861 lmmo
501 2824 551 2875 ego
568 2824 624 2875 vos,
642 2807 685 2861 cui
703 2807 761 2861 sola
778 2809 852 2863 salus
874 2810 999 2878 genitore
1017 2812 1141 2880 reducto,

394 2883 504 2951 Excipit
523 2883 664 2950 Ascanius,
682 2899 732 2951 per
749 2900 869 2952 magnos,
889 2886 964 2953 Nise,
983 2887 1095 2941 Penatis

395 2960 578 3029 Assaracique
598 2960 697 3013 Larem
715 2962 744 3013 et
762 2976 845 3014 canae
862 2962 1015 3030 penetralia
1032 2964 1138 3018 Vestae

394 3035 540 3102 Obtestor;
564 3052 751 3105 quaecumque
769 3036 836 3089 mihi
852 3038 963 3091 fortuna
980 3038 1106 3108 fidesque
1124 3051 1176 3108 est,
1213 3060 1251 3097 aro

394 3110 429 3164 In
447 3114 545 3167 vostris
562 3130 634 3182 pono
651 3112 777 3181 gremiis:
802 3118 929 3167 revocate
946 3118 1095 3182 parentem,

394 3186 515 3244 Reddite
533 3195 723 3260 conspectum;
747 3189 815 3243 nihil
831 3189 879 3242 illo
897 3192 978 3245 triste
995 3196 1114 3261 recepto.

393 3262 463 3317 Bina
481 3265 552 3319 dabo
571 3271 685 3335 argento
702 3266 827 3334 perfecta
844 3270 928 3335 atque
946 3284 1044 3335 aspera
1061 3268 1148 3337 signis

381 3338 496 3409 Pocula,
517 3343 630 3399 devicta
647 3342 756 3413 genitor
775 3358 849 3411 quae·
862 3344 937 3411 cepit
955 3343 1066 3411 Arisbe,

366 3414 410 3470 Iu
431 3419 567 3489 tripodas
584 3423 729 3493 geminos
746 3420 811 3475 auri
828 3419 885 3473 duo
900 3435 1003 3485 magua
1014 3419 1132 3485 talenta„
1211 3439 1248 3478 «aa

356 3490 487 3551 Cratera
508 3501 683 3572 antiquum,
705 3515 797 3569 quem
816 3496 869 3551 dat
885 3493 1006 3549 Sidonis.
1015 3491 1106 3542 plue.

355 3563 378 3621 u·
397 3586 475 3627 vero
497 3594 619 3650 capere
644 3578 770 3637 Italiam
790 3574 977 3643 sceptrisque
992 3562 1082 3630 putri
