3242 4159
379 537 426 586 las
622 533 652 582 P.
670 532 825 583 VERGILI
842 531 1009 584 honours

380 617 518 682 Quattuor
535 614 579 668 hic
594 614 719 667 invectus
737 614 815 682 equis
834 617 864 667 et
881 613 1009 683 lampada
1026 630 1163 685 quassans

381 693 435 746 Per
453 692 566 745 Graium
584 690 699 759 populos
715 689 878 757 mediaeque
894 706 945 758 per
965 690 1052 745 Elidis
1070 693 1170 749 urbem

382 768 446 824 Ibat
464 783 555 835 ovans,
574 766 720 833 divomque
738 764 789 817 sibi
808 766 938 832 poscebat
955 765 1095 835 honorem,
1183 828 1187 836 Ι

380 843 515 898 Demens!
538 842 585 911 qui
603 840 710 894 nimbos
728 844 757 893 et
775 845 836 893 non'
847 841 980 895 imitabile
999 841 1104 898 fulmen
1199 860 1231 900 ses

382 919 457 974 Aere
475 922 504 973 et
521 917 696 985 cornipedum
714 917 795 985 pulsu
813 917 953 970 simularet
972 935 1115 987 equorum.

383 996 424 1050 At
440 999 519 1064 pater
537 994 706 1061 omnipotens
725 992 810 1045 densa
828 994 901 1046 inter
919 993 1014 1047 nubila
1031 996 1120 1049 telum

383 1071 532 1136 contorsit,
550 1085 603 1122 non
621 1067 668 1121 illc
686 1068 759 1121 faces
778 1085 829 1121 nec
847 1069 938 1122 fumea
956 1070 1047 1123 taedis

383 1147 506 1213 Lumina,
525 1145 758 1213 praeeipitemque
776 1144 877 1196 inmani
896 1145 1006 1199 turbine
1024 1147 1128 1215 adegit.

383 1223 410 1276 N
412 1239 443 1276 ec
455 1239 508 1275 non
522 1225 551 1275 et
563 1221 669 1288 Tityon,
682 1220 783 1273 Terrae
795 1220 991 1288 omniparentis
1003 1222 1153 1293 alumnum,
1202 1239 1237 1277 soe

384 1299 505 1353 Cernere
521 1300 590 1365 erat,
608 1314 658 1367 per
676 1300 736 1350 tota
753 1312 850 1349 novem
867 1296 911 1349 cui
927 1298 1022 1363 iugera
1039 1314 1140 1367 corpus

385 1374 547 1442 Porrigitur,
565 1378 709 1441 rostroque
728 1372 844 1425 inmanis
863 1372 953 1425 voltur
971 1373 1078 1427 obunco

386 1451 536 1504 Inmortale
554 1451 630 1504 iecur
646 1448 763 1503 tondens
780 1447 951 1516 fecundaque
968 1450 1064 1517 poenis

385 1524 498 1580 Viscera
515 1527 685 1593 rimaturque
703 1524 790 1592 epulis
807 1523 970 1592 habitatque
987 1525 1039 1579 sub
1056 1525 1113 1581 alto

386 1602 508 1669 Pectore,
525 1617 576 1655 nec
593 1600 670 1653 fibris
688 1600 796 1668 requies
815 1599 897 1653 datur
916 1600 971 1653 ulla
988 1602 1100 1656 renatis
1203 1618 1240 1658 eoo

386 1677 460 1742 Quid
477 1694 625 1731 memorem
645 1676 784 1744 Lapithas,
804 1676 902 1729 Ixiona
921 1676 1150 1747 Pirithoumque?

387 1754 460 1819 Quos
478 1771 561 1823 super
579 1757 640 1807 atra
658 1752 725 1805 silex
743 1752 797 1804 iam
815 1752 869 1804 iam
888 1751 997 1820 lapsura
1015 1754 1182 1823 cadentique

387 1828 517 1883 Imminet
535 1830 682 1894 adsimilis;
704 1829 795 1881 lucent
814 1828 964 1895 genialibus
983 1829 1046 1882 altis

387 1907 483 1957 Aurea
500 1905 586 1958 fulera
604 1905 679 1972 toris,
698 1904 848 1972 epulaeque
867 1907 930 1956 ante
950 1921 998 1957 ora
1015 1910 1129 1973 paratae

388 1980 509 2047 Regifico
528 1980 609 2045 luxu;
630 1981 774 2033 Furiarum
793 1995 921 2031 maxuma
938 1980 1016 2033 iuxta
1206 1999 1242 2038 aas

387 2055 519 2123 Accubat,
537 2060 567 2109 et
584 2055 708 2108 manibus
725 2054 854 2123 prohibet
872 2056 1030 2124 contingere
1047 2075 1167 2128 mensas,

388 2131 574 2199 Exsurgitque
591 2131 679 2183 facem
697 2130 833 2198 attollens,
852 2135 935 2199 atque
953 2133 1060 2187 intonat
1077 2141 1134 2188 or'e.

388 2207 448 2273 Hic,
468 2206 566 2274 quibus
584 2206 665 2259 invisi
681 2207 789 2273 fratres,
808 2206 875 2259 dum
893 2209 950 2261 vita
967 2209 1104 2278 manebat,

388 2283 550 2336 Pulsatusvc
567 2299 674 2351 parens,
693 2285 722 2336 et
739 2283 815 2335 fraus
832 2283 932 2336 innexa
951 2284 1051 2353 clienti,

389 2360 448 2413 Aut
466 2359 513 2428 qui
531 2359 632 2413 divitiis
651 2359 701 2413 soli
719 2358 866 2411 incubuere
886 2361 1012 2428 repertis,
1206 2379 1243 2419 ⁶10

389 2436 447 2490 Nec
464 2440 570 2505 partem
588 2452 703 2502 posuere
722 2435 784 2502 suis,
803 2451 875 2503 quac
893 2452 1019 2491 maxuma
1036 2438 1121 2492 turba
1138 2442 1192 2504 est,

389 2512 498 2581 Quique
515 2512 550 2566 ob
568 2512 733 2565 adulterium
751 2511 830 2578 caesi,
850 2512 952 2579 quique
970 2529 1046 2566 arma
1064 2515 1153 2569 secuti

390 2587 479 2655 Impia
496 2604 546 2641 nec
564 2588 643 2641 veriti
662 2589 832 2640 dominorum
850 2587 945 2641 fallere
964 2588 1087 2657 dextras,

390 2662 490 2715 Inclusi
509 2679 623 2731 poenam
641 2669 807 2731 exspectant.
844 2662 887 2716 Ne
906 2680 1007 2732 quaere
1025 2665 1125 2735 doceri,

390 2739 477 2803 Quam
488 2754 611 2805 poenam,
624 2742 672 2791 aut
684 2756 754 2806 quae
766 2739 855 2791 forma
867 2740 938 2792 viros
954 2741 1097 2795 fortunave
1109 2744 1216 2799 mersit.

389 2814 490 2867 Saxum
508 2814 603 2880 ingens
621 2813 733 2867 volvunt
751 2815 803 2881 alii,
822 2815 961 2883 radiisque
978 2820 1100 2871 rotarum
1208 2834 1245 2873 oro

389 2889 515 2943 Districti
532 2889 669 2956 pendent3
689 2890 774 2958 sodet,
794 2894 992 2959 aeternumque
1011 2892 1127 2960 sedebit,

390 2965 490 3019 Infelix
508 2965 643 3030 Theseus3
666 2964 855 3033 Phlegyasque
874 2969 1041 3021 miserrimus
1060 2971 1149 3022 omnis

390 3042 532 3095 Admonet
548 3046 579 3095 et
596 3058 695 3109 magna
712 3045 832 3095 testatur
850 3059 915 3095 voce
933 3060 983 3111 per
1000 3043 1125 3099 umbras:
1185 3101 1189 3107 ,

389 3118 513 3172 “Discite
530 3118 663 3171 iustitiam
681 3118 784 3185 moniti,
803 3121 832 3171 ct
849 3135 903 3172 non
923 3123 1045 3173 temnere
1064 3120 1165 3174 div0a’'
1208 3136 1246 3175 eno

389 3192 523 3250 Vendidit
540 3194 584 3247 hie
601 3211 667 3247 auro
684 3195 809 3262 patriam,
830 3195 1025 3264 dominumque
1043 3199 1190 3265 potentem

390 3268 530 3339 Inposuit3
549 3270 610 3323 fixit
627 3269 702 3337 leges
720 3271 808 3338 pretio
828 3274 912 3337 atque
931 3272 1039 3337 refixit3

390 3343 446 3397 Hic
463 3345 612 3398 thalamum
629 3346 730 3400 invasit
747 3350 830 3400 natae
848 3347 1004 3416 vetitosque
1021 3348 1203 3417 hymenaeon

377 3421 455 3475 Ausi
469 3438 566 3477 omnes
582 3423 696 3481 Inmane
714 3424 801 3493 nefas,
820 3438 944 3491 ausoque
959 3424 1053 3490 potiti.

358 3492 435 3567 Non,
455 3499 531 3556 mihi
550 3503 575 3557 si
591 3503 713 3577 linguae
732 3506 853 3561 centum
870 3500 931 3553 sint
946 3512 1054 3561 0³2&ssss
1070 3497 1195 3553 mma
1229 3507 1269 3543 *⁹⁵

351 3565 460 3634 Ferrea
480 3595 549 3653 rex,
568 3586 667 3643 omnis
687 3584 846 3643 seclorum
861 3568 1066 3643 conprendere
1081 3564 1204 3620 lomes,
