3242 4159
645 523 828 573 AENEIDOS
845 523 916 576 LIB.
935 524 988 575 111.
1198 527 1245 575 125

420 606 502 675 Inde,
520 604 571 661 ubi
587 604 678 674 prima
695 604 766 659 fides
783 604 890 674 pelago,
908 604 1070 675 placataque
1087 605 1163 661 venti

379 683 461 739 Dant
472 682 559 737 maria
569 685 599 736 et
611 681 680 736 lenis
692 681 831 751 crepitans
842 684 921 736 vocat
932 685 1026 737 amtor
1036 683 1066 736 in
1077 684 1171 750 altum,
1221 695 1246 741 ⁷0

381 761 535 815 Deducunt
552 758 618 812 socii
636 758 712 811 nauis
731 761 760 811 et
777 757 860 811 litora
877 758 1013 827 conplent.

382 834 568 890 Provehimur
584 836 675 902 portu,
694 837 841 901 terraeque
858 833 996 902 urbesque
1013 834 1153 889 recedunt

382 912 470 966 Sacra
485 911 554 963 mari
573 909 672 964 colitur
690 908 781 962 medio
798 909 956 976 gratissima
972 910 1056 964 tellus

382 987 538 1041 Nereidum
556 985 638 1039 matri
657 987 686 1038 et
704 984 730 1037 N
731 988 834 1053 eptuno
853 986 973 1053 Aegaeo,

383 1064 475 1129 Quam
493 1062 555 1132 pius
573 1061 739 1115 Arcitenens
757 1076 819 1113 oras
838 1063 867 1114 et
884 1061 965 1116 litora
981 1063 1083 1116 circum
1219 1075 1245 1119 tt

383 1140 533 1194 Errantem
552 1138 666 1205 Mycono
684 1153 700 1190 e
720 1137 793 1190 cclsa
811 1136 956 1205 Gyaroque
973 1140 1100 1204 revinxit,

384 1205 579 1281 In'motamque
597 1212 649 1266 coli
667 1212 747 1266 dedit
765 1216 794 1266 ct
813 1215 987 1267 contemnere
1005 1218 1109 1269 ventos.

384 1291 451 1345 Huc
468 1290 556 1355 ierom
574 1289 641 1343 haec
658 1289 743 1342 fessos
761 1291 824 1341 tuto
837 1288 1026 1357 placidissima
1042 1295 1124 1358 portu

385 1366 503 1434 Accipit.
540 1364 651 1432 Egressi
669 1381 832 1418 veneramur
850 1364 986 1433 Apollinis
1003 1365 1107 1420 urbem.

384 1442 449 1496 Rex
462 1441 557 1509 Anius,
569 1457 619 1494 rex
632 1440 706 1494 idem
719 1440 858 1494 hominum
872 1439 1031 1510 Phoebique
1042 1442 1176 1509 sacerdos,
1219 1456 1245 1496 so

384 1516 473 1571 Vittis
490 1520 520 1571 et
537 1532 615 1570 sacra
631 1516 775 1570 redimitus
793 1520 918 1585 tempora
935 1517 1019 1585 lauro,

386 1592 527 1658 Occurrit;
544 1594 666 1646 veterem
687 1591 825 1645 Anchisen
843 1592 987 1661 adgnoscit
1004 1594 1129 1649 amicum.

385 1668 530 1736 Iungimus
548 1668 667 1736 hospitio
685 1667 805 1733 dextras,
824 1672 854 1723 et
871 1672 946 1722 tecta
964 1668 1092 1723 subimus

421 1744 534 1813 Templa
552 1744 597 1798 dei
616 1760 681 1797 saxo
699 1743 850 1798 venerabar
868 1748 974 1799 structa
991 1748 1114 1799 vetusto:

385 1819 431 1875 Da
443 1820 590 1890 propriam,
604 1818 780 1887 Thymbraee,
794 1819 905 1873 domum
913 1842 921 1886 ;
933 1820 969 1873 da
980 1820 1087 1874 moenia
1097 1819 1176 1874 fessis
1219 1832 1243 1873 85

385 1896 425 1951 nt
442 1913 528 1965 genus
546 1899 575 1950 et
592 1912 748 1949 mansuram
766 1895 878 1961 urbem;
895 1912 974 1950 serva
990 1896 1078 1950 altera
1095 1895 1192 1949 Troiae

386 1972 529 2041 Pergama,
547 1971 677 2040 reliquias
695 1970 822 2025 Danaum
840 1974 924 2041 atque
943 1972 1046 2026 inmitis
1065 1971 1174 2026 Achilli.

387 2048 475 2113 Quem
494 2047 650 2115 sequimurl
668 2063 757 2115 quove
774 2048 816 2101 irc
833 2047 930 2102 iubesl
948 2048 994 2102 ubi
1011 2065 1113 2118 ponere
1130 2046 1226 2102 sedesl

386 2124 438 2191 Da,
455 2127 541 2192 pater,
560 2123 711 2192 augurium,
731 2126 815 2191 atque
834 2124 931 2177 animis
949 2124 1071 2180 inlabere
1088 2124 1196 2178 nostris.

422 2199 477 2253 Vix
490 2216 523 2253 ea
534 2200 607 2253 satus
619 2217 707 2254 cram:
725 2203 845 2254 tremere
860 2202 951 2255 omnia
962 2203 1020 2255 visa
1031 2205 1151 2271 repente„
1219 2212 1245 2253 at

386 2275 547 2344 Liminaque
564 2276 711 2343 laurusque
730 2276 780 2341 dei,
799 2272 930 2345 totusque
947 2279 1050 2331 moveri

386 2351 467 2406 Mons
485 2351 593 2416 circum,
611 2352 640 2405 et
658 2352 764 2419 mugire
782 2351 873 2419 adytis
892 2353 997 2405 cortina
1013 2353 1132 2407 reclusis

386 2425 521 2481 Submissi
538 2426 658 2497 petimus
676 2429 785 2493 terram,
804 2430 834 2480 et
851 2443 903 2480 vox
922 2427 1010 2480 fertur
1027 2428 1063 2481 ad
1080 2428 1167 2483 auris:

386 2501 564 2556 Dardanidae
582 2502 652 2571 duri,
670 2520 740 2571 quac
757 2519 805 2557 vos
823 2518 840 2554 a
857 2503 943 2569 stirpe
960 2507 1105 2570 parentum

386 2578 481 2632 Prima
494 2577 563 2633 tulit
581 2578 669 2646 tellus,
690 2580 786 2634 eadem
804 2595 852 2633 vos
869 2578 955 2631 ubero
973 2577 1046 2632 laeto
1158 2579 1163 2588 ’
1219 2596 1244 2635 at

387 2653 515 2722 Accipiet
531 2653 653 2709 reduces.
689 2656 842 2725 Antiquam
859 2654 996 2722 exquirite
1011 2658 1135 2710 matrem.

386 2730 443 2784 Hic
461 2729 558 2784 domus
579 2731 690 2786 Aeneae
707 2732 811 2785 cunctis
830 2729 1015 2786 dominabitur
1032 2732 1094 2801 oris,

386 2807 426 2859 Et
442 2806 499 2859 nati
517 2809 652 2873 natorum,
671 2811 701 2861 et
719 2809 766 2876 qui
787 2811 934 2862 nascentur
950 2807 986 2861 ab
1003 2808 1064 2862 illis.

387 2882 467 2935 Haec
485 2881 626 2949 Phoebus3
643 2884 782 2954 mixtoque
799 2886 896 2952 ingens
914 2887 1009 2938 exorta
1027 2885 1146 2938 tumultu

365 2957 514 3023 *Laetitia
526 2961 556 3013 et
567 2959 665 3026 cuncti,
678 2977 749 3029 quac
761 2964 817 3015 sint
829 2979 862 3015 ea
873 2961 987 3027 moenia,
999 2964 1140 3028 quaerunt,
1209 2975 1245 3014 1oo

387 3034 450 3099 Quo
468 3033 594 3088 Phoebus
613 3040 692 3099 vocet
711 3038 828 3091 errantis
848 3037 996 3103 iubeatque
1014 3036 1132 3089 revertit

386 3110 458 3164 Tum
475 3111 590 3178 genitor,
609 3116 732 3166 veterum
751 3113 863 3168 volvens
881 3117 1057 3167 monumenta
1073 3111 1201 3179 virorum,

386 3184 503 3248 Audite,
520 3202 537 3241 o
554 3204 688 3258 proceres,
706 3190 752 3256 ait,
772 3195 801 3245 ct
820 3208 883 3260 spes
901 3190 998 3242 discite
1015 3190 1134 3241 vestras:

387 3259 473 3316 Crete
492 3262 564 3316 Iovis
581 3266 673 3333 magni
691 3266 782 3321 medio
799 3268 870 3321 iacet
887 3266 977 3320 insula
993 3266 1090 3333 ponto;

388 3335 470 3390 Mons
489 3338 589 3393 Idaeus
608 3341 663 3410 ubi,
682 3346 712 3397 ct
729 3344 818 3412 gentis
837 3342 971 3396 cunabula
988 3343 1105 3393 nostrae.
1208 3352 1245 3391 ios

388 3411 505 3465 Centum
524 3415 604 3469 urbes
620 3416 750 3474 habitant
767 3436 891 3489 magnas,
906 3417 1050 3474 uberrima
1062 3430 1171 3483 regna-3
1267 3487 1270 3491 1

373 3483 524 3538 Maxumus
541 3492 615 3545 unde
631 3499 725 3564 pater,
746 3499 770 3554 si
789 3499 848 3555 rite
867 3494 1140 3559 contemserunt,

363 3551 487 3607 sm
504 3560 653 3625 onoma„
669 3574 804 3643 numum
824 3582 873 3638 aa
892 3580 1043 3639 memus
1059 3571 1103 3631 a
1119 3583 1202 3632 <aaa
