3242 4159
671 520 855 572 AENEIDOS
872 523 942 572 LIB.
960 522 1012 571 IX.
1216 527 1264 577 251

409 598 531 653 Lumina
548 616 611 655 rara
628 602 745 666 micant3
763 620 858 657 somno
876 605 993 675 vinoque
1011 606 1093 661 soluti

411 674 604 742 Procubuere;
621 677 702 732 silent
720 680 776 733 late
794 679 861 733 loca
898 682 1013 751 Percipe
1030 698 1119 752 porro,
1229 696 1266 735 rao

410 752 486 816 Quid
503 751 637 822 dubitem,
655 759 684 808 et
702 770 773 823 quae
790 773 862 809 nunc
880 757 970 810 animo
987 759 1124 812 sententia
1141 760 1246 827 surgat.

410 828 527 881 Aenean
544 830 626 883 acciri
644 846 745 897 omnes,
763 832 935 900 populusque
952 837 1108 902 patresque,

409 903 577 972 Exposcuut,
595 906 724 973 mittique
744 907 825 973 viros,
843 907 890 975 qni
908 912 984 962 certa
1001 910 1152 977 reportent.

392 980 447 1047 -Si,
465 980 517 1034 tibi
535 996 606 1050 quae
622 998 711 1051 posco,
730 982 1002 1050 promittunt-nam
1019 984 1087 1038 mihi
1104 983 1169 1038 facti

409 1056 496 1111 Fama
513 1060 557 1111 sat
574 1058 767 1126 est—tumulo
784 1057 881 1111 videor
897 1061 1020 1128 reperire
1038 1060 1090 1114 snb
1108 1060 1155 1114 illo
1226 1076 1263 1114 ros

408 1131 495 1187 Posse
511 1134 583 1188 viam
602 1134 639 1187 ad
655 1150 748 1189 muros
767 1137 796 1188 et
814 1136 921 1189 moenia
940 1136 1088 1191 Pallantea

409 1208 553 1279 Obstipuit
569 1226 668 1279 magno
686 1211 798 1265 laudum
816 1228 961 1280 percussus
978 1229 1071 1266 amore

408 1284 556 1354 Euryalum
575 1287 655 1340 simul
673 1286 717 1340 his
734 1287 879 1340 ardentem
896 1288 1008 1341 adfatur
1024 1289 1155 1343 amicum:

408 1360 496 1416 Mene
508 1362 594 1429 igitur
611 1362 713 1416 socium
732 1363 845 1417 summis
862 1363 1012 1431 adiungere
1029 1363 1118 1429 rebus,

407 1436 483 1505 Nise,
499 1436 588 1505 fugiet
607 1438 694 1492 solnm
712 1441 741 1491 te
758 1438 787 1490 in
806 1440 885 1491 tanta
901 1438 1023 1507 pericula
1039 1439 1164 1494 mittami
1222 1453 1261 1495 200

407 1511 470 1566 Non
488 1514 527 1567 ita
543 1531 587 1568 me
605 1515 720 1582 genitor,
739 1513 819 1568 bellis
837 1515 969 1568 adsuetus
987 1514 1126 1583 Opheltes,

407 1588 567 1656 Argolicum
586 1593 720 1644 terrorem
738 1590 811 1643 inter
830 1591 982 1659 Troiaeque
998 1590 1106 1646 labores

407 1663 551 1719 Sublatum
570 1666 687 1731 erudiit;
705 1682 756 1720 nec
774 1669 867 1720 tecum
884 1667 951 1720 talia
967 1668 1048 1736 gessi,

405 1739 612 1808 Magnanimum
624 1743 746 1803 ,Aenean
764 1746 794 1796 et
811 1744 869 1796 fata
887 1746 1012 1796 extrema
1029 1746 1153 1797 secutus:

405 1816 457 1870 Est
474 1816 526 1885 hic,
544 1821 587 1872 est
604 1819 711 1871 animus
729 1818 797 1872 lucis
815 1821 994 1886 contemptor,
1013 1821 1043 1872 et
1060 1819 1143 1871 istum
1221 1833 1258 1872 ace

406 1892 459 1957 Qui
477 1892 534 1947 vita
551 1892 621 1948 bene
639 1895 736 1948 credat
753 1895 816 1959 emi,
835 1910 890 1963 qno
908 1893 1007 1961 tendis,
1024 1895 1164 1949 honorem.

404 1966 489 2022 Nisus
506 1969 542 2022 ad
559 1969 642 2024 haec:
659 1970 796 2039 Equidem
815 1970 850 2024 de
867 1973 897 2024 te
914 1969 952 2022 nil
970 1970 1026 2024 tale
1043 1968 1164 2035 verebar,

403 2043 431 2097 N
433 2060 464 2098 ec
481 2045 536 2111 fas3
554 2063 620 2101 non:
637 2046 678 2100 ita
695 2064 739 2101 mc
756 2047 861 2106 referat
878 2046 930 2101 tibi
948 2063 1064 2115 magnus
1082 2050 1210 2101 ovantem

404 2119 539 2190 Iuppiter,
557 2126 606 2177 aut
623 2123 788 2191 quicumque
805 2123 890 2177 oculis
906 2122 975 2177 haec
992 2122 1090 2192 aspicit
1107 2123 1210 2192 aequis.

403 2195 460 2250 Sed
478 2197 501 2250 si
518 2198 683 2267 quis—quae
700 2200 788 2253 multa
804 2199 883 2253 vides
901 2199 1058 2253 discrimine
1076 2199 1159 2253 tali—
1211 2216 1256 2254 >aro

402 2271 433 2324 si
451 2272 513 2340 quis
530 2273 559 2326 in
577 2274 722 2328 adversum
739 2275 831 2343 rapiat
848 2291 961 2329 casusve
979 2275 1087 2338 deusve,

402 2346 442 2400 Te
460 2363 602 2418 superesse
619 2350 717 2416 velim3
734 2355 784 2405 tua
801 2351 859 2405 vita
877 2350 986 2418 dignior
1003 2354 1087 2403 aetas.

402 2422 452 2491 Sit,
471 2424 518 2492 qni
535 2441 580 2479 me
597 2429 708 2495 raptum
725 2442 818 2495 pugna
835 2426 958 2494 pretiove
975 2424 1150 2493 redemptum

401 2498 518 2554 Mandet
535 2501 624 2568 humo,
643 2501 723 2578 soiita
740 2506 788 2556 ant
806 2502 830 2556 si
848 2501 950 2569 quaid
967 2501 1078 2554 fortuna
1095 2500 1210 2566 vetabit,

401 2574 521 2631 Absenti
538 2576 610 2631 ierat
627 2578 746 2645 inferias,
765 2578 932 2647 decoretque
950 2575 1101 2646 sepulchro.
1216 2592 1253 2631 215

399 2651 465 2705 Neu
481 2654 564 2707 matri
581 2654 698 2709 miserae
716 2655 788 2709 tanti
809 2655 861 2708 sim
878 2671 974 2707 caussa
992 2653 1101 2721 doloris,

400 2728 478 2791 Quae
495 2731 524 2782 te
542 2730 607 2797 sola,
624 2747 701 2799 puer,
719 2730 814 2785 multis
831 2748 847 2785 e
864 2730 999 2784 matribus
1016 2747 1084 2784 ausa

399 2803 587 2874 Persequitur,
604 2807 695 2875 magni
714 2824 764 2861 nec
782 2808 889 2861 moenia
906 2810 985 2861 curat
1003 2809 1131 2860 Acestae.

399 2879 452 2933 Ille
469 2883 576 2936 autem:
596 2882 712 2936 Oaussas
729 2884 898 2952 nequiquam
915 2883 1003 2937 nectis
1020 2882 1115 2950 inanis,

366 3010 368 3014 ,
398 2954 458 3009 Nec
475 2972 537 3009 mea
553 2957 608 3011 iam
626 2961 733 3012 mutata
751 2959 809 3012 loco
828 2959 966 3013 sententia
983 2958 1066 3010 cedit.
1214 2974 1251 3012 sae

398 3031 603 3101 Adceleremus,
622 3034 668 3088 ait.
704 3035 811 3103 Vigiles
829 3036 909 3089 simul
928 3033 1040 3088 excitat.
1076 3032 1122 3086 Illi

396 3107 555 3164 Succedunt
571 3113 735 3187 servantque
752 3111 840 3176 vices3
858 3111 976 3164 statione
993 3108 1089 3162 relicta

397 3184 463 3253 lpse
480 3201 571 3241 comes
589 3186 656 3239 Niso
674 3186 808 3255 graditur,
826 3201 975 3254 regemque
993 3184 1146 3253 requirunt.

431 3261 532 3315 Cetera
548 3278 599 3331 per
616 3265 705 3318 terras
723 3264 810 3317 omnis
828 3262 954 3324 animalia
971 3276 1065 3314 somno

394 3336 541 3392 Laxabant
558 3355 637 3393 curas
655 3343 685 3393 et
702 3339 786 3393 corda
803 3339 890 3392 oblita
907 3336 1045 3392 laborum:
1213 3348 1250 3390 aas

394 3413 531 3467 Ductores
550 3414 681 3469 Teucrum
698 3416 791 3487 primi,
808 3414 921 3471 deiecta
935 3415 1080 3480 inventu,

385 3488 534 3542 Consilium
552 3493 670 3547 summis
689 3495 774 3565 regni
794 3495 832 3553 de
849 3495 942 3553 rebus
954 3490 1119 3555 nauseant,

371 3559 599 3677 Qfls‘ffleoeut,
619 3572 725 3642 quisve
743 3577 875 3636 Aeneae
890 3576 959 3634 iam
971 3572 1103 3633 nuntius
1119 3561 1212 3620 esset
