3242 4159
395 527 442 577 128
626 525 656 575 P.
675 524 830 582 VERGILI
846 525 1013 577 MARONIS

393 605 438 660 Sic
455 606 509 672 ait;
527 609 557 661 et
573 606 664 660 cuncti
681 606 755 660 dicto
772 623 899 674 paremus
916 611 1036 664 ovantes.

394 682 474 735 Hanc
492 699 601 750 quoque
619 682 770 735 deserimus
788 682 889 747 sedem,
906 684 1055 753 paucisque
1072 686 1178 743 relictis
1211 704 1244 745 lai

393 757 464 811 Vela
482 758 584 824 damus,
603 760 764 825 vastumque
782 774 848 811 cava
865 758 946 812 trabe
962 762 1100 815 currimus
1119 780 1226 834 aequor.

428 832 578 901 Postquam
604 833 690 887 altum
716 837 831 887 tenuere
858 839 940 903 rates,
967 851 1018 890 nec
1046 836 1102 892 iam
1131 841 1243 910 amplius

460 909 533 963 ullae

393 986 539 1054 Adparent
555 988 655 1052 terrae,
673 985 777 1039 caelum
794 985 916 1054 undique
934 990 963 1041 et
979 987 1103 1057 undique
1120 995 1228 1060 pontus,

392 1061 461 1114 Tum
479 1062 545 1115 mihi
562 1062 703 1115 caenuleus
721 1078 803 1129 supra
820 1064 903 1130 eaput
920 1062 1029 1117 adstitit
1046 1064 1143 1132 imber,

392 1137 508 1191 Noctem
525 1138 696 1205 hiememque
708 1138 806 1203 ferens,
823 1141 853 1191 et
869 1137 1005 1193 inhorruit
1020 1140 1096 1193 unda
1114 1142 1242 1197 tenebris.
1286 1187 1287 1192 ,

392 1213 527 1268 Continuo
544 1213 619 1268 venti
637 1214 748 1267 volvrmt
765 1230 841 1267 mare
858 1230 1012 1283 magnaque
1029 1220 1149 1284 surgunt
1210 1234 1243 1271 raa
1286 1273 1287 1278 ,

392 1290 537 1359 Aequora3
556 1289 674 1359 dispersi
691 1290 826 1343 iactamur
842 1289 953 1357 gurgite
970 1293 1063 1356 vasto;

393 1365 535 1420 Involvere
554 1367 626 1420 diem
644 1365 738 1433 nimbi,
756 1369 785 1418 et
802 1381 857 1418 nox
875 1365 987 1419 humida
1005 1367 1112 1422 caelum

393 1441 531 1508 Abstulit3
548 1443 716 1510 ingeminant
733 1440 859 1509 abruptis
875 1440 993 1495 nubibus
1010 1442 1096 1510 ignes

391 1517 552 1571 Excutimur
569 1534 656 1582 cursu,
675 1519 704 1570 et
722 1517 808 1570 caecis
828 1533 950 1570 erramus
967 1516 996 1570 in
1013 1518 1103 1573 undis
1208 1534 1242 1573 aoo

354 1659 359 1667 .
392 1594 457 1663 Ipse
475 1594 547 1647 diem
566 1596 728 1661 noctemque
745 1597 830 1659 negat
848 1593 1004 1647 discernere
1021 1593 1105 1662 caelo,

390 1668 450 1723 Nec
467 1670 622 1724 meminisse
639 1670 700 1724 viae
718 1668 810 1722 media
830 1668 974 1722 Palinurus
991 1669 1021 1722 in
1037 1670 1121 1725 unda

390 1745 451 1800 'Iris
469 1746 539 1800 adeo
557 1745 675 1800 incertos
694 1761 774 1799 caeca
791 1744 906 1812 caligine
924 1744 995 1800 soles

390 1821 521 1876 Erramus
539 1823 642 1891 pelago,
660 1822 777 1876 totidem
796 1821 855 1874 sine
873 1821 964 1874 sidere
981 1826 1083 1877 noctes.

391 1897 495 1962 Quarto
512 1902 587 1952 terra
605 1899 650 1953 die
668 1899 786 1968 primum
805 1913 835 1950 se
853 1896 980 1950 attollere
997 1898 1112 1954 tandem
1208 1917 1242 1956 205

390 1973 464 2041 Visa,
482 1975 588 2042 aperire
605 1974 699 2042 procul
717 1973 824 2039 montis,
843 1989 875 2025 ac
892 1972 1001 2026 volvere
1018 1973 1130 2029 fumum

390 2048 461 2106 Vela
478 2049 587 2115 cadunt,
606 2050 689 2103 remis
705 2049 886 2116 insurgImus;
904 2048 979 2101 haud
996 2065 1080 2114 mora,
1098 2056 1200 2106 nautae

390 2125 495 2181 Adnisi
512 2128 643 2193 torquent
661 2141 770 2193 spumas
788 2128 818 2178 et
835 2124 943 2177 caerula
959 2128 1080 2179 verrunt.

425 2201 567 2256 Servatum
586 2218 619 2254 ex
636 2201 717 2253 undis
735 2200 922 2268 Strophadum
940 2216 984 2254 me
1002 2200 1083 2254 litora
1100 2203 1220 2271 primum

390 2275 550 2345 Accipiunt;
569 2276 735 2345 Strophades
754 2277 836 2330 Graio
855 2279 930 2330 stant
947 2276 1055 2330 nomine
1073 2276 1172 2345 dietae,
1206 2292 1242 2332 21⁰

390 2352 500 2407 Insulae
520 2353 597 2408 Ionio
614 2354 642 2406 in
660 2370 765 2421 magno,
784 2369 853 2420 quas
871 2352 932 2405 dira
950 2351 1068 2406 Celaeno

390 2426 583 2498 Harpyiaeque
601 2430 693 2484 colunt
711 2430 788 2496 aliae,
807 2428 921 2481 Phineia
937 2431 1084 2497 postquam

391 2504 488 2559 Clausa
505 2506 609 2573 domus,
627 2521 789 2573 mensasque
807 2509 885 2558 metu
901 2504 1006 2571 liquere
1023 2504 1137 2573 priores

389 2580 506 2635 Tristius
523 2582 598 2635 haud
614 2580 668 2633 illis
686 2585 846 2647 monstrum,
865 2596 916 2634 nec
933 2579 1038 2633 saevior
1054 2580 1110 2633 ulla
1131 2639 1134 2643 b

390 2655 480 2710 Pestis
498 2661 526 2711 ct
543 2658 584 2712 ira
601 2657 683 2711 deum
702 2656 803 2724 Stygiis
821 2672 881 2710 sese
899 2655 998 2709 extulit
1014 2655 1103 2710 undis.
1206 2672 1243 2712 21⁵

389 2731 512 2800 Virginei
529 2732 669 2788 volucrum
685 2732 783 2799 voltus,
801 2731 960 2785 foedissima
976 2732 1082 2785 ventris

390 2806 537 2873 Proluvies‚
554 2824 696 2878 uncaeque
713 2824 817 2876 manus,
836 2811 866 2862 et
882 2807 984 2877 pallida
1001 2823 1110 2872 semper
1161 2854 1164 2859 .

390 2882 446 2937 Ora
462 2885 541 2938 fame.

389 2960 452 3014 Huc
469 2960 515 3014 ubi
534 2959 618 3015 delati
635 2963 731 3028 portus
748 2960 916 3025 intravimus
934 2976 996 3037 ecce

389 3037 476 3092 Laeta
493 3036 574 3091 boum
592 3036 693 3105 passim
712 3037 815 3103 eampis
833 3040 958 3090 armenta
975 3036 1101 3090 ridemus
1206 3050 1244 3092 m

389 3113 627 3182 Caprigenumquo
644 3129 727 3180 pecus
744 3113 818 3166 nullo
836 3111 950 3166 custode
967 3128 1018 3180 per
1034 3111 1141 3166 herbas.

389 3189 527 3243 Inruimus
544 3190 626 3258 ferro,
645 3191 674 3242 et
692 3189 770 3244 divos
788 3188 933 3257 ipsumque
951 3203 1077 3243 vocamus

389 3265 424 3318 In
441 3269 548 3335 partem
566 3266 750 3334 praedamque
769 3265 880 3329 Iovem;
898 3266 959 3317 tum
975 3263 1056 3317 litore
1073 3279 1157 3318 curro

388 3340 614 3410 lestrrumusque
632 3345 706 3394 toros
724 3340 897 3411 dapibusque
904 3339 1057 3407 *epulamur
1074 3340 1178 3408 opimis

376 3415 422 3469 At
438 3416 549 3473 subitae
566 3417 697 3474 horrifico
713 3416 795 3486 lapsu
812 3415 1003 3471 dementibus
1017 3414 1119 3469 adsunt
1207 3429 1245 3472 ηε

361 3487 516 3561 Harpyiae
533 3500 565 3551 et
584 3497 697 3567 magnis
715 3495 853 3567 quatiunt
870 3490 1048 3559 clangoribus
1062 3488 1133 3551 Q

346 3559 570 3643 Dizrpiuntque
592 3578 688 3647 dapes
704 3578 905 3643 contactuque
922 3567 1020 3622 omum
1033 3560 1156 3614 mm·
