3242 4159
381 522 411 568 44
616 522 646 571 P.
665 520 821 569 VERGILI
839 521 1006 570 MARONIS

379 599 453 653 Rara
471 600 562 653 sitan
580 616 663 668 supra
681 617 786 654 morem
805 600 830 654 si
847 601 935 655 densa
952 602 1085 670 requires,

380 678 479 730 Altera
495 676 641 729 frumentis
658 677 787 744 quoniam
806 677 888 744 favet,
907 677 995 731 altera
1014 677 1132 750 Baccho,

379 752 471 805 Densa
488 751 575 819 magis
594 752 696 818 Cereri,
715 753 855 806 rarissima
874 770 1000 822 quaeque
1022 754 1130 822 Lyaeo:

380 831 456 881 Ante
473 828 561 881 locum
578 828 671 895 capies
689 828 782 894 oculis,
802 829 913 897 alteque
931 829 1040 883 iubebis
1206 849 1238 889 m

379 905 414 958 Iu
431 905 518 957 solido
537 908 650 973 puteum
669 903 787 970 demitti,
806 921 969 972 omnemque
988 921 1104 974 repones

380 981 486 1034 Rursus
504 980 624 1048 humum,
643 980 808 1049 etpedibus
827 998 946 1033 summas
965 981 1098 1049 aequabis
1114 998 1220 1039 mensa

379 1057 409 1110 ui
427 1058 552 1124 deerunt,
570 1073 670 1123 rarum,
689 1056 837 1125 pecorique
855 1061 884 1110 et
902 1056 1004 1110 vitibus
1022 1056 1102 1113 ulmis

380 1134 481 1200 Aptius
498 1132 567 1186 uber
586 1133 656 1197 erit;
674 1133 716 1185 sin
734 1132 762 1184 in
781 1149 831 1186 sua
849 1149 929 1200 posse
949 1132 1089 1200 negabunt

380 1209 426 1262 Ire
443 1209 501 1262 loca
519 1212 548 1263 et
565 1208 706 1263 scrobibus
725 1207 865 1277 superabit
883 1212 959 1260 terra
976 1208 1099 1277 repletis,
1206 1225 1239 1264 ms

379 1285 487 1354 Spissus
505 1302 585 1353 ager3
602 1285 712 1352 glaebas
731 1284 886 1338 cunctantis
905 1300 1051 1352 crassaque
1068 1288 1150 1354 terga

379 1360 522 1431 Exspecta,
542 1365 572 1415 et
590 1361 685 1414 validis
702 1365 806 1414 terrem
825 1360 969 1428 proscinde
986 1360 1113 1415 iuvencis.

379 1436 454 1490 Salsa
472 1442 564 1490 autem
582 1437 664 1490 tellus
682 1441 712 1490 ct
729 1452 799 1505 quae
816 1436 979 1504 perhibetur
995 1452 1123 1489 emma-

379 1511 517 1579 Frugibus
534 1512 628 1564 infelix
647 1529 687 1575 ee,
704 1529 754 1566 nec
771 1512 936 1565 mansuescit
953 1511 1062 1579 arendo,

378 1587 404 1639 N
406 1604 437 1641 ec
450 1587 556 1641 Baccho
569 1604 663 1655 genus,
677 1592 726 1641 aut
739 1588 828 1656 pomis
841 1604 890 1639 sua
902 1586 1011 1641 nomine
1023 1591 1148 1642 servet-
1203 1606 1238 1645 w

378 1664 442 1718 Tale
460 1664 538 1718 dabit
557 1665 712 1734 specimen:
731 1664 771 1717 Tu
789 1663 877 1732 spisso
896 1664 995 1717 vimine
1012 1662 1117 1731 qualos,

378 1740 497 1810 Ooleque
515 1741 653 1810 prelorum
673 1740 788 1793 fumosis
807 1738 903 1808 deripe
921 1740 1016 1805 tectis;

378 1816 442 1871 Huc
460 1835 525 1885 ager
543 1818 589 1871 ille
607 1817 694 1870 malus
714 1816 863 1883 dulcesque
882 1832 899 1867 a
916 1814 1036 1868 sontibus
1053 1815 1144 1871 undae

377 1893 425 1945 Ad
442 1894 553 1961 plenum
570 1893 724 1956 calcentur3
743 1908 815 1960 equa
834 1890 999 1944 eluctabitur
1017 1892 1106 1945 omnis

377 1966 494 2033 Scilicet,
513 1972 542 2021 et
559 1968 678 2035 grandes
696 1966 776 2020 ibunt
794 1984 844 2035 per
863 1966 966 2020 vimina
983 1969 1095 2034 guttae3
1200 1983 1236 2026 us

377 2043 418 2096 At
436 2060 514 2111 sapor
532 2043 662 2096 indicium
680 2043 761 2097 faciet
780 2044 948 2109 manifestus,
967 2045 997 2097 et
1014 2059 1062 2097 ora

376 2118 476 2171 Tristia
493 2122 678 2187 temptantum
697 2136 778 2173 sensu
796 2119 938 2187 torquebit
955 2135 1054 2172 amaro.

376 2193 489 2261 Pinguis
507 2195 574 2247 item
593 2196 717 2263 quaesit
736 2196 827 2260 tellus,
846 2195 897 2248 hoc
916 2195 1033 2263 denique
1050 2199 1132 2264 pacto

375 2267 524 2325 hiscimus:
542 2271 617 2324 haud
635 2288 765 2339 umquam
784 2271 909 2325 manibus
928 2271 1031 2323 iactata
1048 2271 1160 2339 fatiscit,

375 2346 430 2400 Sed
447 2347 515 2415 picis
533 2348 562 2400 in
580 2364 682 2401 morem
701 2348 736 2400 ad
755 2347 855 2414 digitos
874 2347 1000 2400 lentescit
1017 2346 1151 2401 habendo.
1199 2364 1236 2405 est

375 2422 498 2477 Humida
515 2426 632 2479 maiores
650 2424 750 2479 herbas
768 2424 825 2491 elit,
844 2424 959 2492 ipsaque
975 2422 1049 2475 iusto

374 2498 492 2555 Laetior.
530 2501 576 2555 Ah
595 2502 707 2554 nimium
726 2518 761 2554 ne
780 2500 817 2552 sit
835 2500 901 2551 mihi
919 2498 1018 2552 fertilis
1035 2497 1090 2566 ille,

374 2575 436 2628 Neu
454 2593 483 2629 se
501 2577 685 2645 praevalidam
704 2577 799 2645 primis
817 2574 945 2629 ostendat
963 2574 1072 2627 aristis!

374 2651 450 2714 Quae
468 2653 559 2717 gravis
578 2655 628 2715 est,
647 2652 705 2719 ipso
723 2652 834 2703 tacitam
854 2667 884 2703 se
901 2649 1023 2718 pondere
1041 2649 1143 2718 prodit,

374 2724 506 2794 Quaeque
529 2726 606 2780 levis.
644 2726 805 2793 Promptum
829 2729 873 2779 est
896 2725 979 2779 oculis
999 2724 1174 2793 praediscere
1195 2725 1236 2778 ni-

443 2818 530 2868 gram,
1051 2816 1054 2824 ·
1198 2816 1235 2855 ess

373 2870 409 2931 nt
427 2877 489 2944 quis
507 2876 551 2929 cui
568 2876 648 2930 color.
684 2878 725 2931 At
743 2876 906 2931 sceleratum
925 2876 1070 2945 exquirere
1089 2875 1178 2944 frigus

372 2948 487 3008 Difficile
506 2956 565 3008 est:
583 2953 675 3020 piceae
688 2956 796 3006 tantum
815 2954 927 3022 taxique
945 2955 1074 3006 nocentes

372 3029 517 3082 Interdum
537 3031 585 3082 aut
603 3028 721 3082 hederae
739 3028 864 3096 pandunt
882 3029 998 3095 vestigia
1017 3028 1119 3095 nigrae.

406 3106 458 3158 His
476 3104 679 3171 animadversis,
698 3107 802 3158 terram
821 3105 907 3157 multo
927 3108 991 3158 ante
1008 3105 1150 3157 memento

372 3170 530 3249 lecoqucrc
549 3185 577 3234 et
596 3196 710 3247 magnos
728 3179 870 3233 scrobibus
889 3179 1031 3233 concidere
1048 3179 1159 3243 montis,
1196 3193 1234 3235 260

371 3256 445 3309 Ante
463 3259 602 3325 supinatas
621 3257 741 3326 aquiloni
759 3256 907 3310 ostendere
925 3254 1043 3323 glaebas,

366 3330 452 3391 Quam
469 3332 573 3387 Iactum
593 3332 711 3389 infodies
730 3333 795 3388 vitis
813 3348 908 3401 genus.
942 3330 1065 3397 Optuma
1078 3330 1158 3395 putri

343 3403 425 3455 Arm
443 3407 524 3462 solo:
538 3410 570 3464 id
594 3412 674 3467 venti
694 3414 797 3469 curent
814 3408 984 3479 gelidneque
1000 3404 1120 3469 ptume

337 3470 368 3527 Ut
381 3477 535 3551 labefacta
551 3505 681 3547 movens
701 3492 846 3547 robustus
864 3486 969 3552 iugens
982 3480 1083 3531 lusson.

338 3549 358 3612 4
378 3553 415 3605 81'
432 3574 516 3625 quos
532 3564 622 3625 baud
641 3570 711 3627 ulle
728 3570 817 3626 viros
836 3555 996 3631 vigilent&l
1009 3545 1102 3611 mliv

1244 3551 1275 3588 ‘nt
