3242 4159
590 806 1045 886 BUOOLIOON

740 956 896 1011 menn.

766 1143 865 1173 ..φ-

687 1297 894 1361 EOLOGA'
918 1301 943 1358 I.

739 1436 903 1486 TITYRUS.

648 1563 824 1606 Mermeros,
849 1564 984 1609 TITYRUS.

388 1658 436 1714 M.
455 1656 572 1726 Tmen,
589 1659 623 1712 tn
638 1657 748 1726 patulae
765 1658 900 1711 recubans
918 1657 969 1710 sub
987 1658 1109 1724 tegmine
1124 1659 1181 1726 sagi

389 1734 553 1787 Silvestrem
569 1732 648 1787 tenui
665 1730 773 1786 Musam
790 1731 933 1785 meditaris
950 1748 1037 1786 avena
1046 1754 1053 1799 ;

389 1810 450 1863 Nos
467 1809 575 1878 patriae
593 1807 655 1862 linis
673 1812 702 1861 et
718 1807 809 1861 dnloia
827 1808 974 1876 linquimus
992 1826 1072 1865 arva-2

389 1886 451 1940 Nos
467 1885 585 1955 patriam
603 1883 736 1952 lingimns;
752 1889 792 1951 tu,
811 1884 912 1953 Tityre,
930 1884 1021 1940 lentus
1039 1887 1067 1939 in
1084 1888 1182 1941 umbra

388 1962 549 2017 Formosam
568 1976 697 2015 resonare
713 1960 795 2015 doces
814 1962 983 2030 Amaryllida
1001 1964 1092 2020 silvas.
1233 1978 1247 2017 s

391 2037 427 2092 T.
445 2037 470 2089 0
488 2037 631 2103 Meliboee,
649 2036 718 2091 dens
734 2038 813 2091 nobis
830 2038 897 2093 haee
915 2040 971 2093 otia
987 2040 1061 2094 fecit.

388 2113 417 2167 N
418 2129 518 2182 amque
535 2113 589 2167 erit
606 2113 654 2168 ille
670 2113 738 2167 milri
755 2131 864 2184 semper
882 2115 964 2181 deus;
982 2116 1054 2169 illius
1071 2133 1147 2169 aram

386 2190 480 2258 Saepe
496 2192 575 2244 tener
592 2189 694 2243 nostris
710 2189 745 2244 ab
763 2190 878 2246 ovilibus
896 2190 1003 2245 imbuet
1020 2208 1113 2259 agnus

386 2264 444 2319 Ille
461 2280 536 2319 meas
553 2281 646 2320 errare
663 2265 753 2331 boves,
771 2270 804 2320 ut
821 2268 918 2336 eernis,
936 2272 965 2323 et
982 2268 1071 2336 ipsum

385 2340 509 2408 Ludere,
527 2358 598 2411 qnae
614 2342 720 2408 vellem,
738 2343 841 2397 calamo
859 2345 985 2412 permisit
1002 2343 1111 2410 agresti.
1220 2358 1244 2396 m

384 2416 433 2472 M.
452 2417 514 2471 Non
530 2417 659 2487 equidem
676 2418 801 2484 invideo;
820 2418 904 2471 miror
921 2419 1023 2486 magis:
1040 2411 1162 2487 u'ndique
1178 2419 1244 2473 totis

385 2492 488 2562 Usque
503 2492 572 2547 adeo
590 2492 720 2549 turbatur
736 2496 818 2563 agris.
856 2495 905 2561 En,
924 2494 982 2564 ipse
1000 2494 1117 2565 capellas

386 2568 519 2623 Protinus
536 2587 620 2640 aeger
636 2587 704 2639 ago;
721 2570 791 2626 hane
808 2572 891 2626 etiam
910 2572 963 2639 vix,
982 2572 1082 2642 Tityre,
1100 2573 1178 2627 duco.

386 2645 447 2699 Hie
464 2644 536 2700 inter
553 2646 653 2701 densas
670 2648 774 2716 corylos
791 2647 873 2701 modo
890 2664 1008 2717 namque
1025 2650 1162 2717 gemellos,

385 2721 473 2790 Spem
489 2722 589 2791 gregis,
606 2721 657 2777 alr!
676 2723 751 2777 silioe
768 2723 797 2776 in
816 2723 890 2777 nuda
907 2726 1021 2779 eonnixa
1039 2725 1157 2794 reliquit.
1220 2739 1244 2779 1⁵

385 2797 478 2866 Saepe
494 2799 596 2853 malum
613 2798 664 2853 hoe
681 2799 766 2867 nobis,
785 2800 809 2854 si
826 2816 903 2854 mens
920 2818 974 2855 non
992 2802 1070 2856 laeva
1087 2803 1191 2868 fnisset,

386 2873 433 2928 De
450 2874 524 2931 eaelo
541 2880 631 2931 tactos
648 2876 761 2930 memini
778 2877 939 2945 praedicere
957 2894 1081 2948 quercus

385 2950 489 3021 [Saepe
505 2953 618 3008 sinistra
634 2969 701 3008 oava
717 2953 856 3022 praedixit
873 2954 908 3007 ab
925 2955 987 3010 ilice
1004 2953 1118 3022 nomin]

387 3026 446 3082 Sed
462 3032 562 3094 tamen,
579 3030 635 3083 iste
652 3031 720 3085 deus
738 3031 787 3100 qui
805 3032 850 3098 sit,
868 3031 911 3096 da,
929 3032 1030 3101 Tityre,
1047 3030 1131 3085 nobis

391 3102 424 3160 Τ.
443 3104 556 3173 Urbem,
574 3122 656 3175 qnam
674 3107 770 3160 dicunt
788 3107 912 3174 Romam,
931 3106 1074 3172 Meliboee,
1091 3107 1185 3173 putavi
1219 3121 1244 3159 m

387 3180 496 3237 Stultus
513 3200 565 3251 ego
581 3182 645 3237 huie
661 3186 772 3237 nostrae
790 3183 915 3249 similem,
934 3199 988 3252 quo
1006 3196 1088 3249 saepe
1105 3182 1223 3235 solemus

388 3256 517 3311 Pastores
534 3258 624 3312 orinnr
644 3262 752 3315 teneros
771 3259 912 3331 depellere
930 3258 1013 3314 letina

377 3330 427 3381 Sic
441 3331 554 3385 mnibns
570 3335 677 3390 catulos
696 3337 805 3408 similis,
823 3339 867 3397 sie
883 3337 1029 3395 matribus
1039 3335 1156 3393 liaedos

364 3400 475 3468 Noram,
492 3405 536 3459 sio
550 3413 649 3476 parvis
668 3430 838 3487 conponere
857 3435 968 3490 magne
986 3416 1129 3475 solebam.

359 3470 460 3527 Vomm
476 3476 551 3537 daeo
570 3486 691 3549 tantum
710 3494 789 3555 alias
806 3498 891 3557 inter
912 3500 1012 3572 eaput
1032 3495 1147 3555 exemit
1161 3492 1271 3550 nterea
