3242 4159
385 513 433 574 iaa
623 521 653 571 P.
674 523 830 571 vnacrar
850 522 1016 574 martarus

385 604 422 658 ut
440 604 555 658 multum
572 602 698 657 lacrimas
715 603 801 657 verba
817 604 892 658 inter
909 605 1016 675 singula
1031 608 1133 663 nediu

385 681 515 745 Procedo,
535 683 564 733 et
581 696 694 747 parvam
713 678 821 732 Troiam
839 680 1020 752 simulataque
1038 685 1149 753 magnis

386 756 520 825 Pergama
537 760 567 809 ct
584 759 708 809 arentem
727 755 832 809 Xanthi
849 760 1009 824 cognomine
1026 761 1116 815 rivum
1208 776 1246 817 aa)

385 833 539 901 Adgnosco,
559 831 715 899 Scaeaeque
733 831 884 901 amplector
901 834 995 888 limina
1011 840 1118 905 portae.

384 909 444 963 Nec
461 926 514 962 non
533 912 562 962 et
580 908 677 962 Teucri
695 910 767 962 socia
785 908 864 962 simul
882 910 951 964 urbe
969 912 1104 966 fruuntur.

385 986 451 1039 Illos
469 985 619 1054 porticibus
636 1002 687 1038 rex
705 985 857 1054 accipiebat
875 987 902 1039 in
922 988 1032 1056 amplis;

385 1059 468 1115 Aulai
486 1062 577 1115 medio
595 1061 720 1115 libabant
737 1062 834 1130 pocula
853 1063 961 1130 Bacchi,

385 1138 516 1207 Inpositis
534 1155 600 1191 auro
618 1137 742 1207 dapibus
761 1142 926 1207 paterasque
943 1141 1081 1194 tenebant.
1208 1145 1249 1195 θεέ

420 1216 535 1285 Iamque
553 1215 612 1268 dies
630 1216 755 1283 alterque
773 1216 833 1268 dies
850 1218 990 1283 prooessit,
1009 1220 1038 1270 et
1055 1232 1142 1270 aurae-
1284 1259 1287 1268 ,

384 1291 456 1345 Vela
473 1296 571 1346 vocant
589 1292 751 1360 tumidoque
768 1292 881 1346 inflatur
898 1293 1028 1347 carbasus
1045 1296 1154 1347 austro:
1265 1293 1275 1312 ‘'

385 1368 439 1422 His
456 1373 548 1423 vatem
566 1368 713 1437 adgredior
731 1363 813 1422 dictis
831 1386 862 1423 ae
879 1370 946 1423 talia
964 1386 1075 1437 quaeso:
1182 1383 1199 1392 ”

384 1444 544 1513 Troiugena,
562 1445 699 1512 interpres
718 1445 816 1513 divom,
835 1446 882 1514 qui
900 1447 1011 1499 numina
1029 1444 1142 1513 Phoebi,

384 1520 437 1585 Qui
455 1520 585 1589 tripodas
606 1521 690 1573 Clarii
708 1520 807 1589 laurus,
826 1523 873 1590 qui
892 1522 984 1576 sidera
1001 1522 1088 1576 sentis
1207 1536 1246 1575 aaa

384 1596 422 1651 Et
439 1598 578 1650 volucrum
597 1597 702 1664 linguas
720 1600 749 1650 ct
766 1599 907 1668 praepetis
924 1599 1014 1652 omina
1031 1614 1146 1667 pennae,

384 1672 455 1728 Fare
467 1690 672 1742 age-namque
684 1690 792 1727 omnem
805 1691 914 1728 cursum
923 1675 991 1728 mibi
999 1690 1132 1743 prospera
1141 1674 1215 1729 dixit

385 1750 501 1819 Religio,
521 1754 551 1805 et
568 1751 658 1804 cuncti
677 1754 823 1804 suaserunt
841 1752 951 1805 numine
969 1751 1025 1805 divi

384 1827 494 1881 Italiam
512 1831 610 1896 petere
628 1831 657 1881 et
673 1830 762 1881 terras
780 1831 917 1897 temptare
935 1830 1074 1896 repostae

384 1904 448 1957 Sola
466 1921 565 1957 novum
584 1904 716 1972 dictuque
733 1904 809 1957 nefas
829 1904 952 1973 Harpyia
970 1903 1087 1957 Celaeno
1207 1917 1247 1955 aaa

384 1978 544 2046 Prodigium
563 1980 643 2045 canit,
663 1984 692 2033 ct
709 1979 797 2033 tristis
816 1979 961 2034 denuntiat
977 1980 1041 2046 iras,

384 2054 593 2124 Obscenamque
610 2055 816 2124 famem-quae
833 2057 922 2125 prima
939 2055 1060 2126 pericula
1076 2055 1152 2110 rito'l

384 2130 492 2195 Quidve
510 2148 627 2199 sequens
646 2136 737 2186 tantos
756 2133 857 2201 possim
876 2148 1006 2201 superare
1023 2130 1149 2185 labores?

384 2206 439 2261 Hic
459 2206 590 2274 Helenus,
609 2208 695 2261 caesis
713 2208 831 2276 primum
850 2209 886 2262 dc
903 2224 980 2262 more
996 2206 1124 2275 iuvencis,

383 2281 488 2337 Exorat
505 2299 600 2353 pacem
619 2284 718 2351 divom,
737 2284 877 2354 vittasque
894 2284 1007 2338 resolvit
1205 2296 1247 2339 ³⁷⁰

384 2360 490 2415 Sacrati
508 2361 612 2430 capitis,
630 2377 729 2430 meque
748 2361 784 2413 ad
802 2364 852 2414 tua
867 2360 969 2426 limina,
988 2358 1107 2425 Phoebe,

384 2437 449 2505 Ipse
467 2455 549 2492 manu
567 2438 653 2493 multo
672 2454 833 2507 suspensum
851 2436 963 2490 numine
982 2435 1065 2503 ducit,

383 2514 480 2582 Atque
497 2515 564 2569 hacc
583 2515 684 2569 deindo
703 2515 776 2568 canit
794 2513 886 2566 divino
904 2530 939 2566 ex
957 2529 1004 2566 ore
1022 2512 1165 2567 sacerdos:

418 2589 444 2643 N
446 2594 492 2644 ato
510 2591 668 2659 dea—nam
687 2595 716 2644 to
733 2589 883 2643 maioribus
894 2589 941 2643 ire
958 2605 1009 2657 per
1026 2587 1113 2641 altum

383 2666 522 2734 Auspiciis
540 2667 685 2719 manifesta
703 2666 786 2720 fides:
807 2667 846 2720 sic
863 2667 921 2719 fata
939 2666 1021 2719 deum
1039 2680 1089 2718 rex
1206 2677 1247 2718 375

383 2742 511 2808 Sortitur,
529 2742 667 2809 volvitque
685 2743 774 2807 vices;
792 2743 816 2796 is
835 2742 955 2796 vertitur
972 2742 1077 2796 ordo-

383 2817 473 2871 Panca
491 2818 542 2871 tibi
560 2834 575 2871 o
593 2818 695 2885 multis,
715 2836 769 2887 quo
786 2820 874 2872 tutior
890 2818 999 2887 hospita
1015 2817 1120 2872 lustros

384 2896 514 2963 Aequora
531 2897 561 2948 et
580 2895 703 2948 Ausonio
721 2896 808 2962 possis
827 2896 968 2951 considere
986 2898 1077 2965 portu,

383 2970 534 3039 Expediam
554 2970 649 3034 dictis3
670 2971 817 3039 prohibent
834 2990 898 3026 nam
916 2976 1008 3027 cetera
1027 2972 1129 3024 Pareae

382 3046 458 3101 Scire
477 3047 614 3101 Helenum
632 3048 739 3116 farique
757 3053 835 3103 vetat
854 3050 983 3104 Saturnia
1003 3048 1080 3100 Iuno.
1207 3060 1246 3097 aso

383 3122 520 3193 Principio
539 3124 658 3192 Italiam,
678 3142 760 3193 quam
778 3129 810 3178 tu
828 3125 882 3177 iam
901 3142 964 3178 rere
977 3122 1164 3195 propinquam

382 3198 557 3270 Vicinosque,
575 3202 675 3270 ignare,
694 3217 775 3269 paras
793 3201 925 3254 invadere
942 3204 1046 3269 portus,

383 3275 477 3343 Longa
494 3278 588 3345 procul
607 3278 694 3345 longis
713 3278 757 3330 via
775 3276 874 3330 dividit
892 3278 965 3330 invia
982 3276 1072 3329 terris.

381 3351 458 3404 Ante
477 3356 505 3405 et
524 3353 663 3407 Trinacria
680 3353 827 3407 lentandus
844 3369 936 3405 remus
955 3354 983 3405 in
1001 3349 1082 3417 unda,

366 3424 408 3476 Ee
424 3428 491 3481 salis
510 3431 629 3485 Ausonii
649 3430 830 3498 lustrandum
847 3428 965 3482 nauibus
981 3440 1085 3491 aequor
1211 3438 1255 3475 aas

351 3496 529 3573 Inferniquc
546 3506 628 3564 lacus
651 3512 832 3579 Aeaeaeque
850 3505 948 3559 insilia
963 3503 1075 3563 (lineae,

342 3569 436 3635 Quam
459 3582 528 3636 tuta
546 3588 651 3653 possis
672 3583 786 3644 urbem
803 3595 975 3650 conponere
988 3581 1083 3630 terra.
