3242 4159
650 517 834 569 AENEIDOS
850 520 920 570 LIB.
939 519 991 571 vl.
1196 521 1242 568 191

388 595 564 668 Inpositique
581 595 656 664 rogis
673 597 784 651 iuvenes
802 602 866 653 ante
884 616 933 653 ora
950 602 1110 669 parentum:

388 673 477 736 Quam
497 670 584 725 multa
601 672 629 730 iu
648 671 721 725 silvis
739 674 863 741 autumni
880 675 982 743 frigore
1000 677 1089 744 primo

386 748 478 815 Lapsa
498 744 599 801 cadunt
616 747 689 816 folia,
708 751 756 802 aut
774 749 811 802 ad
829 754 932 804 terram
949 753 1060 819 gurgite
1077 756 1113 807 ab
1129 756 1187 806 alto
1207 765 1245 805 aro

388 824 478 888 Quam
496 821 598 876 multae
616 824 804 891 glomerantur
822 843 893 895 aves,
911 826 958 880 ubi
976 828 1093 896 frigidus
1109 844 1195 881 annus

387 900 475 952 'l'rans
492 900 607 967 pontum
625 898 704 968 fugat
724 903 753 954 et
771 902 853 955 terris
864 902 987 961 'innittit
1003 903 1108 972 apricis.

388 975 506 1030 Stabant
524 978 634 1029 orantes
653 976 736 1043 primi
755 978 945 1033 transmittere
964 997 1080 1047 cursum,

387 1051 608 1120 Tendebantquc*
625 1068 722 1106 manus
741 1053 817 1122 ripae
835 1054 974 1109 ulterioris
991 1073 1090 1110 amore.

388 1126 490 1183 Navita
508 1127 558 1181 sed
576 1126 664 1182 tristis
682 1145 754 1183 nunc
773 1129 823 1182 hos
841 1147 912 1184 nunc
929 1132 1027 1200 accipit
1044 1131 1114 1200 illos,
1208 1145 1245 1184 ³15

388 1206 445 1260 Ast
462 1203 530 1257 alios
547 1203 628 1271 longo
648 1204 789 1259 submotos
809 1210 884 1260 arcet
903 1224 993 1261 arena

390 1282 500 1333 Aeneas
517 1280 631 1333 miratus
651 1281 723 1334 enim
741 1285 887 1350 motusque
905 1284 1026 1339 tumultu

388 1357 447 1423 Dic,
466 1356 512 1419 ait,
530 1372 546 1408 0
564 1356 648 1426 virgo,
668 1357 735 1426 quid
753 1357 810 1410 volt
830 1375 974 1412 concursus
993 1360 1029 1412 ad
1048 1361 1172 1414 amneml

389 1432 497 1496 Quidve
515 1435 614 1501 petunt
633 1432 757 1487 animaci
776 1433 820 1486 vel
840 1451 893 1502 quo
911 1434 1067 1489 discrimine
1084 1435 1158 1503 ripas

389 1508 452 1562 Hae
470 1507 607 1576 linquunt,
626 1508 688 1562 illae
706 1508 790 1562 remis
808 1511 879 1563 vada
896 1510 980 1565 livida
996 1514 1127 1567 verruntl
1182 1570 1184 1572 ,
1208 1526 1246 1565 sao

389 1584 445 1637 Olli
463 1584 501 1637 sic
520 1584 641 1639 breviter
658 1584 716 1639 fata
734 1589 777 1638 ost
795 1585 926 1655 longaeva
943 1588 1083 1643 sacerdos:

389 1660 512 1714 Anchisa
528 1665 667 1729 generata,
686 1661 769 1716 deum
789 1664 941 1716 certissima
959 1664 1057 1732 proles,

390 1737 485 1805 Cocyti
504 1740 601 1804 stagna
620 1737 676 1791 alta
694 1738 771 1792 rides
792 1738 970 1808 Stygiamque
988 1739 1124 1808 paludem,

389 1814 428 1868 Di
446 1814 521 1867 cuius
538 1814 629 1868 iurare
648 1814 747 1868 timent
767 1819 795 1869 ct
814 1814 908 1868 fallere
926 1831 1036 1869 numen.

389 1890 470 1945 Haec
481 1890 575 1958 omnis,
589 1906 671 1960 quam
684 1890 780 1959 cernis,
792 1891 871 1960 inops
884 1890 1085 1959 inhumataque
1093 1889 1175 1944 turba
1186 1890 1245 1951 est;

390 1966 513 2021 Portitor
530 1966 578 2021 ille
597 1968 721 2033 Oharon;
743 1968 778 2033 hi,
797 1984 866 2037 quos
884 1968 958 2021 vehit
975 1967 1057 2036 unda,
1075 1965 1183 2035 sepulti.
1208 1978 1245 2019 aaa

390 2041 418 2098 N
420 2059 452 2097 cc
468 2044 541 2113 ripas
560 2043 643 2098 datur
660 2044 811 2098 horrendas
830 2047 860 2099 et
877 2060 959 2098 rauca
976 2044 1079 2098 fluenta

390 2119 589 2189 'l'ransportaro
607 2121 690 2190 prius,
710 2138 791 2190 quam
811 2120 922 2175 sedibus
940 2137 1002 2175 ossa
1020 2120 1155 2188 quienmt.

391 2196 511 2251 Ocntum
530 2200 623 2252 errant
641 2214 726 2251 annos
744 2198 915 2266 volitantque
933 2197 1000 2251 haec
1019 2196 1100 2250 litora
1116 2196 1233 2259 circum3

391 2272 462 2327 'rum
480 2274 591 2328 demum
609 2274 721 2329 admissi
739 2277 836 2341 stagna
854 2276 985 2342 exoptata
1002 2272 1131 2326 revisunt
1209 2284 1246 2323 aaa

392 2349 523 2405 Constitit
542 2350 663 2405 Anchisa
682 2354 757 2405 satus
776 2352 805 2402 et
823 2349 937 2415 vestigia
954 2347 1062 2415 pressit,

391 2424 483 2481 Multa
501 2430 609 2496 putans,
628 2430 785 2495 sortemque
803 2425 892 2478 animo
910 2423 1054 2475 miseratus
1072 2421 1203 2489 iniquam.

392 2502 489 2557 Oernit
506 2503 544 2557 ibi
563 2507 681 2558 maestos
700 2506 729 2557 et
746 2502 844 2555 mortis
861 2500 963 2552 honore
981 2497 1101 2552 carentis

392 2579 553 2648 Leucaspim
572 2584 601 2634 ct
620 2580 716 2648 Lyciae
735 2579 877 2633 ductorem
895 2574 989 2630 classis
1007 2572 1137 2639 Oronten,

393 2654 468 2719 Quos
486 2657 573 2725 simul,
591 2673 608 2710 a
625 2656 705 2709 Troia
722 2658 835 2709 ventosa
852 2670 902 2722 per
920 2668 1039 2719 aequora
1056 2652 1157 2717 vectos,
1209 2660 1246 2700 aas

392 2731 493 2785 Obruit
512 2734 623 2801 Auster,
642 2749 713 2800 aqua
730 2731 870 2784 involvens
888 2744 1040 2797 navemque
1057 2725 1192 2793 virosque.

428 2807 497 2861 licce
514 2807 682 2876 gubernator
701 2825 761 2862 sese
780 2806 924 2860 Palinurus
942 2804 1050 2872 agebat,

393 2883 447 2949 Qui
466 2883 566 2952 Libyco
585 2902 672 2953 nuper
690 2902 779 2952 cursu,
798 2884 863 2936 dum
883 2882 974 2935 sidera
992 2882 1090 2947 serrat,

393 2959 542 3015 Exciderat
560 2963 645 3029 puppi
663 2960 760 3014 mediis
779 2960 880 3013 effusus
899 2958 926 3009 in
945 2956 1031 3010 undis.

393 3037 477 3090 Hunc
495 3036 542 3090 ubi
560 3038 604 3090 vix
623 3038 709 3091 multa
727 3039 862 3090 maestum
880 3032 1007 3100 cognovit
1024 3032 1052 3083 in
1070 3028 1175 3093 umbra,
1209 3038 1246 3079 aro

392 3114 438 3167 Sic
456 3112 533 3181 prior
551 3114 721 3182 adloquitur:
745 3113 811 3178 Quis
829 3114 866 3179 te,
886 3108 1021 3174 Palinure,
1039 3106 1152 3160 deorum

394 3189 505 3257 liripuit
523 3190 608 3257 nobis,
627 3190 772 3259 medioque
791 3187 842 3241 sub
860 3200 978 3254 aequore
995 3180 1108 3236 mersitl

396 3267 446 3319 llic
465 3282 524 3333 age.
560 3266 685 3335 Namque
703 3266 777 3333 mihi,
795 3263 878 3317 fallax
895 3260 970 3315 haud
987 3262 1051 3312 ante
1068 3257 1203 3324 repertus,

397 3342 457 3395 lloc
475 3357 529 3394 uno
547 3358 675 3410 responso
693 3342 814 3395 animum
831 3338 933 3392 delusit
951 3333 1058 3402 Apollo,
1240 3338 1242 3342 '

394 3418 447 3481 Oui
463 3417 524 3469 rore
541 3420 569 3469 te
583 3421 671 3485 ponto
687 3417 862 3485 incolumem,
880 3413 1002 3483 finisque
1019 3407 1140 3465 canduat
1224 3413 1269 3451 a*

388 3493 539 3542 Venturum
558 3495 710 3551 Ausonios.
749 3496 795 3551 En
815 3495 888 3551 haec
905 3490 1054 3565 promissa
1067 3484 1148 3540 unes
1163 3477 1233 3531 effi

365 3562 424 3613 Ille
439 3565 554 3619 auam:
575 3568 681 3639 Neque
701 3576 736 3630 to
754 3573 876 3631 Phoebi
896 3570 1018 3631 cortina.
1032 3560 1160 3624 ieiahh'xt,
