3242 4159
382 526 415 573 36
617 523 647 573 P.
666 520 820 572 VERGILI
836 523 1005 572 MARONIS

384 605 519 673 Tempore
530 620 694 673 quamquam
705 604 753 658 ille
765 605 847 657 tellus
859 621 969 674 quoque
981 610 1011 660 et
1022 622 1143 676 aequora
1153 608 1239 678 ponti,

384 683 580 752 Obscenaeque
598 698 685 746 canes,
704 680 923 749 inportunaeque
941 681 1064 735 volucres
1204 699 1240 739 sro

384 760 468 827 Signa
485 758 594 812 dabant.
632 758 764 821 Quotiens
783 757 930 825 Cyclopum
949 758 1080 812 effervere
1097 760 1126 812 in
1144 777 1227 829 agros

383 837 511 890 Vidimus
529 834 678 888 undantem
696 833 785 901 ruptis
804 833 963 887 fornacibus
981 835 1109 902 Aetnam,

383 912 622 979 Flammarumque
639 909 735 977 globos
752 909 955 978 liquefactaque
973 910 1082 964 volvero
1100 915 1180 968 saxa!

383 992 532 1043 Armorum
550 987 668 1041 sonitum
685 989 744 1039 toto
764 985 912 1039 Germania
929 987 1003 1040 eaelo

374 1064 496 1130 ·Audiit;
514 1063 629 1117 insolitis
646 1064 819 1115 tremuerunt
837 1062 958 1116 motibus
977 1063 1068 1130 Alpes
1204 1078 1242 1120 sss

382 1133 445 1194 Vox
463 1156 571 1208 quoque
588 1156 639 1208 per
655 1138 730 1190 lucos
747 1138 827 1206 volgo
845 1139 974 1192 exaudita
992 1138 1103 1207 silentis,

383 1216 493 1285 Ingens,
512 1218 540 1269 et
559 1215 703 1268 simulacra
719 1214 808 1267 modis
825 1213 955 1283 pallentia
971 1216 1046 1268 miris

382 1284 450 1346 Visa
467 1292 518 1346 sub
536 1291 681 1345 obscurum
699 1291 801 1356 noctis;
822 1290 995 1359 pecudesque
1013 1291 1126 1360 locutae,

383 1368 542 1423 Infandum!
563 1368 664 1421 sistunt
681 1383 782 1434 amnes,
803 1370 950 1435 terraeque
968 1367 1119 1433 dehiscunt,

382 1439 419 1499 Et
427 1448 561 1499 maestum
569 1444 721 1497 inlacrimat
729 1442 839 1510 templis
847 1442 923 1510 ebur,
931 1444 1166 1511 aeraquesudana
1201 1457 1242 1497 aso

382 1520 488 1574 Proluit
505 1520 599 1573 insano
618 1522 798 1585 contorquens
817 1519 919 1572 vertice
937 1518 1017 1572 silvas

382 1595 539 1650 Illuriorum
556 1612 605 1648 rex
624 1594 764 1657 Eridanus,
783 1610 947 1662 camposque
965 1611 1016 1663 per
1033 1595 1120 1648 omnis

382 1672 451 1727 Cum
470 1671 583 1725 stabulis
602 1673 726 1724 armenta
742 1670 814 1723 tulit.
852 1670 877 1722 N
880 1688 911 1723 ee
928 1674 1053 1739 tempore
1070 1670 1169 1725 eodem

382 1748 517 1803 Tristibus
534 1751 583 1802 aut
601 1747 673 1801 extis
691 1746 777 1799 fibrae
794 1746 929 1815 adparere
946 1747 1072 1813 minaces,

382 1826 443 1879 Aut
460 1825 550 1895 puteis
567 1840 678 1878 manare
695 1840 776 1876 cruor
793 1824 918 1889 cessavit,
936 1826 967 1875 et
984 1823 1056 1876 altae
1200 1840 1240 1881 sss

382 1900 438 1955 Per
453 1904 562 1954 noctem
579 1916 707 1953 resonare
724 1900 795 1968 lupis
813 1898 979 1952 ululantibus
995 1898 1086 1953 urbes.

382 1975 445 2030 Non
462 1976 528 2029 alias
546 1974 619 2027 caelo
638 1973 797 2027 ceciderunt
814 1975 894 2043 plura
911 1991 1006 2029 sereno

383 2050 511 2119 Fulgura,
528 2067 579 2104 nec
598 2049 651 2103 diri
668 2049 770 2103 totiens
788 2067 881 2105 arsere
899 2055 1027 2104 cometae.

382 2125 456 2195 llrgo
472 2126 545 2180 inter
563 2142 622 2179 sese
640 2124 751 2194 paribus
769 2142 931 2179 concurrere
948 2125 1013 2179 telis

383 2202 520 2256 Romame
537 2203 608 2255 acies
625 2202 725 2254 iterum
744 2201 839 2255 videre
860 2200 993 2270 Philippi;
1199 2218 1239 2257 sao

382 2262 442 2332 Nec
458 2278 511 2331 fuit
526 2277 670 2345 indignum
688 2278 799 2345 superis,
819 2276 861 2332 bis
880 2277 1009 2345 sanguine
1026 2280 1119 2331 nostro

383 2346 537 2407 Emathiam
555 2356 584 2407 et
600 2354 671 2406 latos
690 2352 790 2405 Haemi
808 2355 986 2422 pinguescere
1003 2369 1119 2421 campos

382 2429 492 2502 Scilicet
509 2433 538 2484 et
555 2432 664 2497 tempus
682 2429 782 2497 veniet,
801 2447 863 2484 oum
881 2430 981 2483 finibus
997 2430 1051 2483 illis

383 2505 519 2574 Agricola,
536 2506 647 2560 incurvo
664 2508 768 2559 terram
787 2506 898 2559 molitus
916 2510 1016 2572 aratro,

382 2576 472 2635 Exesa
488 2582 608 2635 inveniet
626 2581 722 2635 scabra
739 2580 865 2649 robigine
882 2582 946 2650 pila,
1199 2598 1238 2638 aas

383 2658 443 2711 Aut
460 2656 588 2723 gravibus
605 2657 701 2709 rastris
718 2657 809 2724 galeas
827 2656 949 2726 pulsabit
972 2657 1065 2721 inanis,

383 2731 559 2800 Grandiaque
578 2731 682 2785 effossis
699 2731 845 2785 mirabitur
863 2749 925 2786 ossa
943 2732 1099 2801 sepulchris.

383 2806 420 2861 Di
437 2807 527 2876 patrii,
546 2806 695 2875 Indigetes,
714 2807 880 2862 etRomule
898 2808 1038 2876 Vestaque
1056 2810 1153 2876 mater,

384 2884 460 2949 Quae
478 2883 594 2936 Tuscum
613 2882 731 2937 Tiberim
750 2887 779 2937 et
797 2883 920 2938 Romana
938 2886 1044 2939 Palatia
1061 2901 1162 2951 servas,

383 2958 465 3013 Hunc
483 2958 581 3013 saltem
599 2974 693 3020 everso
710 2959 835 3014 iuvenem
853 2977 1010 3014 succurrere
1028 2960 1117 3014 saeclo
1199 2976 1239 3014 eoo

383 3034 426 3089 Ne
443 3034 600 3103 prohibete!
639 3033 711 3087 Satis
727 3035 782 3089 iam
799 3036 907 3105 pridem
925 3038 1055 3105 sangiune
1072 3040 1167 3091 nostro

383 3109 603 3183 Laomedonteae
619 3111 718 3164 luimus
736 3113 855 3181 periuria
875 3110 985 3178 Troiae3

383 3184 443 3240 Iam
460 3186 568 3255 pridem
585 3186 663 3240 nobis
681 3188 795 3241 caelite
814 3189 896 3256 regia,
915 3188 1023 3256 Caesar,

383 3251 501 3330 Invidet,
520 3266 604 3331 atquo
621 3262 760 3316 hominum
774 3265 905 3334 quq-itur
924 3281 1020 3318 curare
1037 3265 1208 3335 triumphos;

377 3336 486 3403 stuppa
499 3337 547 3391 ubi
556 3338 599 3393 fas
615 3355 722 3393 versum
734 3342 820 3410 atque
830 3340 921 3393 naias:
934 3343 980 3392 tot
988 3338 1063 3392 bella
1072 3357 1123 3407 per
1133 3342 1238 3411 orbem,

360 3406 430 3461 Tam
447 3413 561 3469 multae
579 3416 721 3472 scelerum
739 3417 843 3485 iacies,
861 3434 921 3471 non
935 3416 1012 3469 xillus
1027 3419 1122 3467 aratro
1213 3432 1254 3468 aaa

347 3472 463 3547 Dignus
480 3488 590 3558 bon0s5
612 3495 753 3564 squalent
771 3494 913 3550 abductis
928 3508 1001 3547 arsa
1015 3488 1133 3552 colonia,

390 3570 505 3615 emmae
525 3568 665 3635 rigidum
685 3574 781 3629 falces
802 3572 972 3627 condantur
990 3567 1024 3619 in
1040 3576 1153 3617 ensem.
1260 3591 1263 3594 -
