3242 4159
651 524 855 574 eaonercou
871 525 1017 579 11111111.
1145 502 1147 506 ’
1225 520 1255 568 or

398 606 504 672 Atque
522 600 592 655 haee
608 598 664 655 iam
683 602 772 671 primo
791 603 922 672 depulsus
939 603 975 657 ab
992 603 1078 659 ubere
1093 604 1191 659 matris

396 679 525 746 Audeat,
543 678 627 746 inque
643 678 730 732 vicem
748 679 797 733 det
815 680 942 734 mollibus
960 697 1008 734 ora
1025 680 1150 749 capistris

398 754 545 810 Invalidus
564 755 703 823 etiamque
721 759 850 822 tremens,
868 756 952 809 etiam
969 757 1070 810 inscius
1087 757 1153 811 aevi

397 836 442 888 At
460 830 551 885 trihus
570 831 674 883 exactis
691 830 739 884 ubi
758 836 857 899 quarta
875 833 1021 886 accesserit
1038 837 1136 901 aestas,
1222 849 1259 889 iao

396 911 524 979 Carpere
541 922 606 959 mox
623 922 720 974 gyrum
739 906 853 976 incipiat
870 907 1057 977 gradibusque
1075 926 1172 963 sonare

398 983 564 1054 Conpositis,
582 982 729 1050 sinuetque
747 983 854 1037 alterna
871 984 1008 1037 volumina
1026 1002 1142 1053 crurum,

397 1064 500 1131 Sitque
517 1058 655 1113 laboranti
674 1058 785 1125 similis3
803 1063 864 1113 tum
883 1059 1007 1114 cursibus
1024 1078 1112 1129 auras,

397 1141 469 1193 'l'um
487 1139 573 1203 vocet,
591 1150 623 1187 ac
640 1152 691 1204 per
710 1140 806 1203 aperta
823 1136 924 1203 volans,
943 1153 993 1190 ceu
1010 1136 1081 1191 liber
1097 1136 1218 1205 habenis,

399 1219 533 1283 Aequora
549 1212 596 1265 vix
615 1227 722 1264 mmma
739 1211 856 1278 vestigia
872 1215 959 1279 ponat
976 1229 1072 1279 arena;
1222 1227 1258 1266 rec

399 1291 496 1357 Qualis
515 1286 702 1357 Hyperboreis
722 1287 825 1356 Aquilo
843 1303 905 1340 cum
923 1287 1023 1341 densus
1041 1288 1077 1341 ab
1095 1288 1150 1342 oris

399 1366 539 1433 Incubuit,
558 1362 740 1432 Scythiaeque
757 1362 863 1417 hiemes
880 1367 965 1433 atque
983 1364 1060 1417 arida
1078 1364 1171 1418 differt

398 1444 518 1509 Nubila3
535 1444 595 1495 tum
613 1445 723 1508 segetes
740 1440 813 1494 altae
831 1440 974 1510 campique
991 1442 1119 1495 natantes

399 1520 522 1575 Lenibus
539 1519 700 1572 horrescunt
718 1516 819 1584 flabris,
836 1534 1011 1586 summaeque
1029 1534 1153 1571 sonorem

398 1598 475 1651 Dant
493 1596 577 1650 silvae
595 1593 724 1664 longique
741 1596 861 1661 urguent
878 1592 915 1647 ad
931 1593 1014 1647 litora
1031 1593 1145 1657 fluctus;
1221 1606 1257 1646 nos

399 1673 452 1727 Ille
471 1672 553 1739 volat,
572 1670 652 1723 simul
671 1687 736 1724 arva
752 1670 825 1737 fuga,
843 1668 923 1721 simul
941 1685 1060 1737 aequora
1077 1685 1196 1722 verrens.

398 1749 455 1804 Hic
472 1747 517 1803 vel
536 1747 573 1802 ad
591 1745 650 1800 Fllei
669 1750 757 1800 metas
776 1748 805 1798 et
823 1760 951 1797 maxuma
969 1744 1058 1812 campi

398 1824 519 1880 sudabit
536 1823 633 1893 spatia,
652 1825 682 1875 et
700 1837 809 1891 spumas
828 1823 893 1887 aget
911 1835 958 1873 ore
976 1823 1111 1887 cruentas,

398 1901 514 1969 Belgica
531 1901 574 1955 vel
591 1899 667 1953 molli
685 1897 783 1953 melius
800 1897 872 1950 ieret
890 1895 987 1949 esseda
1004 1896 1078 1949 collo.

398 1978 470 2032 'lum
488 1977 599 2031 demum
617 1992 709 2030 crassa
726 1990 856 2041 magnum
873 1972 1009 2041 farragine
1027 1990 1124 2041 corpus
1220 1988 1255 2026 acc

398 2055 531 2108 Crescere
549 2052 603 2106 iam
622 2051 733 2105 domitis
751 2049 849 2104 sinito:
872 2066 989 2118 namque
1007 2055 1071 2104 ante
1089 2050 1267 2103 domandurn'

399 2130 526 2199 Ingentis
545 2128 643 2183 tollent
661 2127 772 2193 animos,
790 2126 937 2195 prensique
954 2126 1094 2194 negabunt

397 2207 527 2261 Verbera
543 2205 618 2260 lenta
636 2203 695 2273 pati
714 2205 743 2257 et
760 2202 837 2255 durh
855 2219 953 2271 parere
969 2202 1078 2270 lupatis.

434 2281 490 2336 Sed
508 2298 562 2335 nou
580 2280 636 2333 ulla
654 2279 740 2346 magis
757 2278 824 2332 viris
842 2278 978 2331 industria
997 2278 1096 2345 firmat,

398 2360 489 2424 Quam
507 2357 645 2411 Venerem
663 2358 693 2409 et
711 2355 783 2408 caeci
801 2354 926 2408 stimulos
945 2357 1070 2407 avertere
1087 2354 1193 2421 amoris,
1219 2367 1255 2406 aro

398 2435 464 2488 Sive
482 2433 565 2486 boum
583 2431 640 2486 sive
660 2434 702 2485 est
720 2431 763 2485 cui
780 2430 886 2498 gratior
903 2445 969 2481 usus
988 2444 1127 2496 equorum.

399 2512 497 2579 Atque
514 2509 576 2562 ideo
593 2512 687 2561 tauros
705 2507 798 2577 procul
818 2509 902 2572 atque
919 2504 947 2556 in
965 2504 1022 2557 sola
1038 2503 1162 2570 relegant
1225 2504 1230 2514 '

399 2586 512 2654 Pascua,
529 2587 593 2653 post
608 2586 729 2637 montem
744 2582 907 2651 oppositum,
919 2584 949 2633 et
964 2583 1041 2634 trans
1057 2579 1168 2633 flumina
1183 2579 1255 2650 lata;

399 2663 460 2716 Aut
477 2662 552 2715 intus
569 2660 673 2715 clausos
693 2664 787 2713 satura
805 2658 841 2711 ad
859 2656 1002 2727 praesepia
1020 2660 1135 2711 serrant.

399 2738 496 2806 Carpit
514 2737 587 2791 euim
604 2736 669 2791 viris
687 2736 821 2806 paulatim
839 2734 1087 2803 uritquervidendo
1219 2749 1255 2787 215

399 2814 521 2881 Femina,
539 2829 591 2867 nee
607 2830 749 2867 nemorum
767 2813 873 2883 patitur
890 2812 1044 2867 meminisse
1061 2828 1111 2865 nec
1128 2810 1236 2865 herbae.

337 2901 350 2924 ¹
399 2890 534 2944 Dulcibus
551 2889 599 2944 illa
616 2890 727 2958 quidem
746 2889 890 2944 inlecebris
909 2892 938 2943 et
955 2906 1036 2958 saepe
1054 2888 1185 2957 superbos

400 2966 536 3020 Cornibus
553 2966 626 3020 inter
643 2984 673 3021 se
694 2966 796 3033 subigit
817 2966 965 3020 decernere
983 2965 1105 3021 amantis.
1201 3019 1203 3021 .

401 3044 528 3097 Pascitur
544 3042 573 3098 iu
591 3061 690 3113 magna
710 3043 765 3098 Sila
783 3043 902 3096 formosa
920 3042 1032 3097 iuvenca
1042 3061 1062 3097 τ,

401 3119 446 3172 llli
465 3119 633 3176 alternantes
653 3122 739 3175 multa
757 3122 783 3174 vi
802 3119 906 3191 proelia
923 3119 1038 3173 miscent
1219 3127 1256 3166 22⁰

400 3196 566 3251 Volneribus
584 3199 706 3265 crebris;
723 3198 790 3251 lavit
808 3200 869 3252 ater
886 3211 1000 3265 corpora
1016 3189 1131 3258 saugsiis,

399 3273 546 3345 Versaque
563 3276 592 3330 in
610 3274 723 3330 obnixos
742 3278 896 3343 urguentur
915 3287 1015 3326 cornua
1031 3269 1108 3321 vasto

400 3352 471 3407 Cum
488 3355 609 3423 gemitu,
627 3353 743 3406 reboant
761 3351 900 3420 silvaeque
920 3350 949 3402 et
966 3347 1063 3414 longus
1081 3342 1220 3410 Olympus.

394 3430 456 3480 Nec
470 3446 532 3481 mos
549 3429 677 3482 bellantis
696 3446 751 3484 una
769 3428 930 3496 stabulare3
948 3424 1002 3482 seh
1017 3423 1089 3479 alter

389 3502 485 3551 Victus
502 3500 568 3568 abit,
587 3502 732 3573 longeque
750 3506 862 3576 ignotis
883 3506 1001 3564 exsulat
1020 3503 1092 3573 or'us,
1254 3504 1290 3543 Ui

369 3570 465 3621 ΜΕ
479 3588 599 3636 svmens
617 3578 817 3646 ignominiam
835 3586 1011 3662 plagasque
1030 3577 1161 3656 superba
