3242 4159
381 534 412 580 80
614 533 644 583 P.
663 531 817 580 VERGILI
835 527 1002 580 MARONIS

381 610 442 675 Quo
460 611 527 664 fletu
545 610 641 677 Manis,
660 628 715 680 qua
732 610 852 664 Numina
869 626 935 664 voce
951 611 1093 665 moveret‘l
1212 607 1250 666 555

382 688 435 742 Illa
453 688 565 756 quidem
584 688 679 756 Stygia
698 687 781 740 nabat
800 687 856 739 iam
874 686 975 753 frigida
992 686 1097 753 cymba.
1237 637 1288 768 A

382 764 494 834 Septem
511 763 588 815 illum
606 767 681 816 tetes
699 763 845 831 perhibent
863 780 898 815 ex
917 762 1013 815 ordine
1030 778 1143 818 menses

382 841 461 909 Rupe
479 840 529 893 sub
548 841 622 893 aeria
642 839 746 892 deserti
765 839 801 892 ad
820 839 973 905 Strymonis
990 839 1093 892 undam

382 917 509 985 Elevisse,
527 920 557 970 et
575 916 674 984 gelidis
692 915 760 969 haec
779 914 912 968 evolvisse
930 914 981 968 sub
999 915 1109 982 antris·

381 992 547 1045 Muloentem
565 992 646 1058 tigris
665 995 694 1044 et
712 994 840 1059 agentem
858 991 978 1044 carmine
996 1006 1129 1058 quercus3
1210 1005 1250 1046 tle

382 1068 473 1133 Qualis
491 1068 608 1136 populea
626 1084 750 1121 maerens
769 1067 917 1137 philomela
933 1066 985 1120 sub
1003 1066 1101 1119 umbra

382 1144 506 1198 Amissos
524 1145 650 1212 queritur
668 1144 749 1210 fetus,
768 1160 836 1210 quos
854 1143 939 1196 durus
957 1146 1049 1196 arator

382 1218 536 1288 Observans
554 1219 619 1272 nido
636 1219 765 1288 inplumis
785 1218 922 1281 detraxit;
938 1222 968 1271 at
985 1218 1032 1271 illa

382 1294 445 1349 Flet
462 1300 578 1365 nectem,
597 1313 726 1365 ramoque
745 1295 845 1349 sedens
863 1294 1018 1348 miserabile
1036 1310 1148 1349 cannen

382 1370 516 1440 Integrat,
534 1375 563 1426 et
580 1371 693 1426 maestis
711 1372 767 1425 late
784 1371 843 1424 loca
862 1370 1005 1439 questibus
1023 1370 1118 1438 inplet.
1207 1386 1247 1427 515

381 1447 464 1500 Nulla
482 1441 584 1517 Venus,
602 1465 655 1501 neu
674 1448 722 1500 ulli
739 1448 860 1500 animum
878 1446 980 1500 flexere
997 1446 1148 1513 hymenaei.

382 1522 460 1577 Solus
479 1524 672 1591 Hyperboreas
690 1524 790 1591 glacies
808 1522 974 1592 Tanaimque
993 1522 1109 1576 nivalem

381 1600 512 1667 Arvaque
532 1598 661 1667 Rhipaeis
680 1616 827 1666 munquam
847 1599 962 1652 viduata
978 1598 1084 1667 pruinis
1163 1597 1168 1603 ’

382 1673 539 1742 Lustrabat‚
557 1678 666 1745 raptam
686 1675 840 1743 Eurydicen
858 1678 944 1743 atque
961 1675 1046 1728 inrita
1062 1674 1136 1728 Ditis

382 1748 463 1805 Dona
480 1769 613 1820 querens;
632 1756 740 1821 spretae
761 1751 964 1820 Ciconumque
982 1767 1096 1804 munere
1113 1753 1220 1805 matres

383 1826 461 1881 Inter
480 1844 557 1881 sacra
577 1828 660 1882 deum
679 1828 860 1896 nocturnique
878 1828 955 1895 orgia
973 1826 1072 1880 Bacchi
1207 1843 1245 1883 ⁵21

383 1901 556 1971 Discerptum
576 1905 646 1959 latos
664 1905 790 1959 iuvenem
809 1920 935 1973 sparsere
952 1920 1003 1972 per
1021 1919 1110 1971 agros.

383 1978 452 2031 'l'um
471 1996 579 2046 quoque
598 1996 750 2033 marmorea
769 1983 853 2049 caput
870 1997 887 2034 a
904 1979 1009 2033 cervice
1028 1979 1166 2033 revolsum
1236 1973 1253 2006 ⁸

383 2053 500 2121 Gurgite
518 2070 578 2107 cum
597 2055 688 2108 medie
706 2060 820 2123 portans
838 2055 972 2123 Oeagrius
991 2054 1103 2107 Hebrus

383 2129 521 2196 Volneret,
540 2130 696 2197 Eurydicen
714 2148 766 2184 vox
785 2132 845 2200 ipsa
863 2135 893 2185 et
910 2130 1012 2200 frigida
1028 2130 1130 2199 lingua,
1208 2147 1246 2185 525

383 2205 430 2258 Ah
448 2206 575 2259 miseram
595 2207 761 2274 Eurydicen!
782 2209 872 2261 anima
890 2208 1013 2276 fugiente
1031 2206 1162 2272 vecabat3

383 2281 536 2350 Eurydicen
553 2285 613 2337 toto
631 2283 789 2337 referebant
807 2283 918 2338 flumine
936 2284 1023 2351 ripae.

419 2358 496 2413 Haec
515 2358 638 2425 Proteus,
658 2364 686 2413 et
705 2377 734 2413 se
753 2360 826 2414 iactu
844 2361 923 2414 dedit
941 2376 1044 2428 aequor
1062 2358 1091 2412 in
1111 2358 1208 2427 altum,

360 2435 497 2505 :Quaque
516 2436 601 2505 dedit,
621 2440 792 2506 spumantem
810 2437 913 2489 undam
933 2436 983 2489 sub
1001 2436 1103 2489 vertice
1120 2436 1210 2488 torsit.

383 2507 424 2565 At
442 2529 496 2566 non
517 2513 637 2581 Cyrene;
656 2530 774 2581 namque
792 2513 865 2566 ultro
883 2512 978 2565 adfata
995 2512 1152 2565 timentem:
1206 2527 1244 2564 sar

417 2587 443 2641 N
445 2592 498 2655 ate,
516 2589 581 2642 licet
599 2590 688 2642 tristis
706 2590 795 2642 auimo
816 2588 954 2657 deponere
965 2604 1059 2641 ,curaa

383 2662 461 2715 Haec
479 2665 565 2716 omnis
584 2663 673 2716 morbi
692 2681 801 2729 caussa3
819 2664 882 2717 hinc
901 2664 1056 2717 miserabile
1074 2661 1226 2731 Nymphae,

383 2738 451 2791 (ium
470 2738 570 2805 quibus
589 2739 635 2791 illa
653 2739 749 2792 cheros
768 2740 837 2793 lucis
856 2740 979 2808 agitabat
996 2740 1024 2792 iu
1042 2738 1113 2808 altis,

383 2812 506 2866 Exitium
524 2814 623 2867 misere
642 2814 747 2882 apibus.
787 2818 827 2869 Tu
846 2833 959 2870 munera
977 2816 1092 2884 supplex

382 2889 483 2957 lende,
501 2894 599 2959 petens
618 2906 721 2958 pacem,
740 2893 873 2945 etfacilis
892 2908 1023 2945 venerare
1041 2891 1182 2959 Napaeas3
1206 2904 1244 2944 535

382 2966 510 3036 Namque
528 2966 634 3019 dabunt
652 2968 758 3021 veniam
776 2970 855 3035 votis,
874 2968 983 3036 irasque
1001 2966 1154 3020 remittent.

383 3043 446 3111 Sed,
465 3043 562 3097 medus
581 3043 677 3096 orandi
696 3043 743 3111 qui
763 3045 806 3111 sit,
825 3045 900 3112 prius
918 3044 1014 3097 ordine
1032 3043 1130 3096 dicam.

384 3120 521 3183 Quattuor
540 3120 653 3174 eximios
671 3120 825 3188 praestanti
843 3136 956 3188 corpore
973 3123 1075 3185 tauros,

383 3196 436 3259 Qui
454 3195 506 3249 tibi
523 3212 595 3250 nunc
613 3195 709 3250 uiridis
727 3196 881 3264 depascunt
899 3211 1005 3248 summa
1024 3192 1129 3263 Lycaei,

383 3270 489 3339 Deligc,
508 3276 537 3326 ct
554 3274 658 3326 intacta
675 3271 792 3325 totidem
811 3271 917 3325 cervice
935 3270 1071 3324 iuvencas.
1205 3282 1241 3321 ose

383 3346 520 3409 Quattuor
537 3348 580 3401 his
597 3365 659 3401 aras
677 3348 734 3401 alta
751 3348 787 3401 ad
806 3346 922 3400 delubra
940 3346 1071 3399 dearum

382 3421 528 3489 Constitue,
550 3427 579 3477 et
595 3441 704 3479 sacrum
723 3423 824 3494 iugulis
843 3422 961 3477 demitte
978 3438 1114 3485 cruorem,

361 3495 551 3567 Oemoraque.
560 3501 626 3571 ipsa
646 3503 733 3559 boum
751 3502 892 3559 frondoso
910 3500 1011 3554 desere
1023 3497 1100 3549 luco.

345 3563 417 3639 Ρθθῖι
439 3573 492 3629 ehi
506 3592 588 3635 none
607 3598 677 3639 sues
699 3586 824 3641 Aurora
840 3575 1009 3638 ostenderit
1024 3572 1117 3631 ortiles
