3242 4159
391 541 406 586 8
631 537 661 585 Ρ.
679 537 834 585 VERGILI
851 536 1017 587 MARONIS

389 618 432 672 M.
451 618 548 686 Cogite
566 617 630 686 ovis,
648 618 743 686 pueri;
761 618 784 671 si
802 617 844 671 lac
861 619 1036 687 praeceperit
1053 625 1155 689 aestus,
1190 630 1193 635 '

390 695 431 749 Ut
448 712 543 763 nuper,
561 695 665 748 frustra
682 694 868 763 pressabimus
886 695 973 748 ubera
991 697 1095 763 palmis.

424 773 463 825 D.
472 771 543 836 Heu,
551 771 613 836 heu,
623 770 1154 838 quarnpinguimacerestmihitaurusin
1162 781 1242 828 ervo!

391 847 472 902 Idem
490 864 566 900 arnor
584 848 699 899 exitium
716 846 808 914 pecori
826 848 987 916 pecorisque
1006 851 1145 917 magistro.
1208 868 1245 905 101

389 924 433 978 Μ.
447 924 499 977 His
506 928 582 978 certe
592 940 684 992 neque
692 939 768 976 arnor
777 939 873 976 caussa
883 926 926 977 est
933 946 940 990 ;
949 925 996 977 vix
1005 926 1112 979 ossibus
1121 926 1246 981 haerent.

390 1000 490 1055 Nescio
508 1000 568 1068 quis
587 1003 697 1053 teneros
716 999 808 1064 oculus
827 999 893 1053 mihi
912 1000 1027 1053 fascinat
1046 1018 1142 1069 agnos.

425 1077 463 1132 D.
479 1077 538 1144 Dic,
548 1075 646 1145 quibus
654 1076 682 1129 in
690 1075 839 1129 terris-et
846 1075 901 1128 eris
909 1075 976 1128 mihi
986 1092 1102 1145 magnus
1109 1078 1247 1149 Apollo-

391 1152 451 1205 Tris
469 1156 564 1220 pateat
582 1152 650 1205 caeli
668 1151 859 1220 spatiumrnon
877 1152 993 1220 amplius
1010 1153 1095 1207 ulnas.
1210 1171 1247 1208 ios

390 1228 432 1281 M.
452 1228 510 1295 Dic,
530 1228 630 1297 quibus
647 1228 676 1280 in
694 1227 777 1280 terris
795 1227 922 1295 inscripti
939 1227 1050 1280 nomina
1066 1246 1164 1296 rogum

390 1303 545 1358 Nascantur
562 1304 650 1371 flores,
669 1306 698 1356 et
717 1302 842 1370 Phyllida
859 1303 932 1356 solus
950 1302 1058 1357 habeto.

425 1380 462 1433 P.
482 1379 544 1433 Non
562 1383 685 1434 nostrum
702 1378 776 1432 iuter
794 1394 842 1431 vos
860 1382 952 1431 tantas
970 1396 1123 1447 conponere
1141 1380 1214 1435 lites.

391 1454 428 1508 Et
445 1455 532 1525 vitula
549 1457 581 1508 tu
599 1456 704 1521 dignus,
723 1458 753 1507 et
769 1454 821 1521 hic,
841 1457 870 1507 et
887 1455 1011 1523 quisquis
1028 1472 1135 1510 amores
1244 1508 1247 1512 .

392 1532 451 1585 Aut
468 1534 575 1585 metuet
592 1530 685 1597 dulcis,
704 1533 752 1582 aut
770 1530 929 1597 experietur
946 1547 1060 1584 amaros.
1218 1549 1253 1588 no

392 1607 519 1662 Claudite
535 1608 589 1661 iarn
607 1607 687 1674 rivos,
704 1605 798 1674 pueri:
817 1608 860 1659 sat
877 1610 959 1674 prata
974 1606 1115 1662 biberunt.

673 1828 882 1887 ECLOGA
907 1828 964 1886 IV.

705 1924 707 1928 ’
747 1956 894 2005 sonmo„

392 2070 540 2125 Sionnrnns
558 2070 662 2137 Musae,
679 2070 760 2138 paulo
778 2071 882 2124 maiora
899 2075 1040 2126 canamus!

393 2147 455 2200 Non
473 2146 560 2200 omnis
577 2148 689 2199 arbusta
706 2145 799 2198 iuvant
817 2146 989 2214 humilesque
1007 2147 1142 2214 myricam

393 2224 423 2277 si
440 2223 561 2277 canimus
579 2222 668 2289 silvas,
687 2221 769 2275 silvae
788 2222 844 2275 sint
864 2222 980 2276 Consule
999 2223 1106 2290 dignae.

428 2299 534 2353 Ultima
552 2298 661 2365 Cymaei
679 2298 754 2351 venit
771 2298 826 2351 iarn
845 2299 973 2351 carminis
990 2303 1082 2370 aetas,

393 2376 509 2443 Magnus
527 2373 562 2427 ab
579 2373 688 2441 integro
706 2374 855 2427 saeclorum
874 2375 996 2428 nascitur
1013 2375 1088 2427 ordo.
1239 2392 1252 2430 s

395 2452 455 2505 Iam
473 2450 547 2505 redit
566 2453 595 2503 et
613 2450 706 2518 Virgo,
725 2449 845 2503 redeunt
862 2450 992 2503 Saturnia
1008 2466 1109 2517 regna3

395 2528 455 2582 Iam
473 2545 543 2582 nova
559 2527 705 2597 progenies
724 2526 799 2580 caelo
818 2526 975 2580 demittitur
993 2527 1056 2580 alto.

394 2604 435 2657 'l'u
452 2605 532 2657 modo
550 2603 672 2657 nascenti
691 2619 783 2669 puero,
802 2618 857 2671 quo
875 2602 965 2655 ferrea
982 2603 1100 2669 primurn

394 2680 508 2734 Desinet
526 2695 558 2732 ac
576 2681 634 2731 toto
653 2681 747 2745 surget
764 2694 832 2744 gens
851 2694 934 2730 aurea
951 2678 1061 2742 mundo,

395 2757 478 2811 Casta
494 2755 555 2808 fave
574 2754 688 2821 Lucina:
708 2756 771 2806 tuus
789 2754 844 2805 iam
862 2756 961 2820 regnat
980 2753 1087 2822 Apollo.
1189 2783 1199 2795 ·
1227 2769 1252 2807 ro

365 2859 368 2864 ·
394 2831 488 2900 Teque
506 2830 575 2883 adeo
593 2829 676 2883 decus
692 2828 744 2881 hoc
762 2829 828 2897 aevi,
846 2833 876 2883 te
895 2829 1019 2897 Consule,
1038 2828 1125 2896 inibit,

395 2908 489 2975 Pollio,
507 2910 537 2961 et
553 2906 683 2974 incipient
701 2905 792 2973 magni
811 2906 960 2974 procedere
978 2921 1101 2969 nrenses3

395 2984 434 3038 'le
451 2984 527 3051 duce,
546 2982 640 3050 siqua
658 2984 770 3035 manent
789 2982 899 3035 sceleris
917 2981 1032 3047 vestigia
1050 2979 1144 3048 nostri,

395 3060 485 3115 Inrita
503 3061 636 3129 perpetua
654 3057 758 3111 solvont
777 3057 923 3111 formidine
941 3060 1037 3110 terras.

396 3136 448 3191 Ille
466 3136 548 3190 deum
565 3134 656 3188 vitam>
668 3134 782 3203 accipiet
800 3134 924 3201 divisque
943 3133 1047 3187 videbit
1229 3146 1256 3185 rs

396 3212 550 3266 Permixtos
567 3212 664 3265 heroas
682 3213 711 3265 et
728 3211 787 3279 ipse
805 3210 1024 3276 videbiturillis,

383 3286 579 3356 Paestumque
596 3291 677 3357 reget
694 3287 792 3358 patriis
810 3285 959 3339 virtutibus
977 3285 1077 3338 orbem.

367 3357 416 3409 Aa
435 3360 490 3413 tibi
503 3364 609 3435 prima,
626 3383 708 3437 puer,
728 3365 806 3421 nullo
825 3362 991 3418 munuscula
1007 3360 1085 3413 cultu

357 3426 495 3514 Ernantis
513 3440 645 3497 hederas
664 3445 778 3515 passim
796 3460 866 3499 cum
880 3439 1024 3495 bacchare
1038 3419 1127 3487 mles

357 3500 507 3580 ‘¹¹⁶2sue
525 3517 648 3575 nuens
670 3524 821 3580 colocasia
839 3520 950 3577 sunuel
966 3511 1101 3570 assaro-
1266 3518 1292 3554 a

357 3587 422 3634 ²⁵⁸⁰
442 3583 531 3647 lacte
555 3595 689 3659 domurn
711 3602 859 3661 referent
878 3595 1019 3654 distenta
1034 3577 1167 3651 ΨΜ
