3242 4159
617 524 823 583 GEORGIOON
841 524 910 574 LIB.
927 526 967 574 ¹11.
1188 532 1218 581 47

400 611 483 678 Quod
491 610 625 679 superest,
635 623 823 676 quaecumque
832 623 941 676 premes
949 609 1069 678 virgulta
1074 628 1126 681 per
1132 628 1219 680 agros,

364 690 472 757 Sparge
490 687 554 739 fimo
571 684 673 752 pingui,
692 686 721 737 et
739 683 826 737 multa
843 700 947 737 memor
964 686 1055 740 occule
1072 691 1155 755 terra,

365 767 426 817 Aut
445 762 564 831 lapidem
583 759 713 827 bibulum,
733 762 782 813 aut
800 761 951 827 squalentis
969 761 1061 816 infode
1079 765 1199 831 conchas,

364 840 447 893 Inter
465 837 537 891 enim
556 836 683 888 labentur
701 852 796 904 aquae,
816 837 962 905 tenuisque
980 838 1083 893 subibit

363 916 486 981 Halitus,
499 916 583 980 atque
595 911 699 965 animos
712 912 810 966 tollent
823 915 898 978 sata;
911 914 1019 982 iamque
1031 916 1143 984 reperti,
1181 930 1218 969 353

363 992 420 1055 Qui
438 1006 503 1043 saxo
521 1004 604 1056 super
622 991 706 1055 atque
724 987 844 1055 ingentis
861 990 983 1057 pondere
1000 995 1090 1045 testae

362 1066 540 1133 Urguerent;
559 1064 610 1117 hoc
628 1064 727 1117 effinsos
745 1065 883 1119 munimen
901 1066 938 1118 ad
955 1065 1057 1135 imbris,

362 1141 428 1195 IIoc
446 1140 492 1193 ubi
510 1140 600 1193 hiulca
618 1140 663 1192 siti
682 1140 761 1194 findit
779 1140 854 1193 canis
871 1142 985 1195 aestifer
1001 1159 1075 1196 arva.

401 1215 555 1270 Seminibus
573 1215 678 1284 positis,
697 1220 825 1283 superest
843 1217 972 1271 diducere
988 1222 1093 1272 terram

361 1291 479 1360 Saepius
498 1291 534 1345 ad
552 1291 648 1359 capita,
667 1294 696 1344 et
714 1292 797 1344 duros
815 1293 917 1345 iactare
934 1292 1061 1359 bidentis
1179 1308 1217 1347 355

362 1370 426 1422 Aut
443 1384 538 1437 presso
556 1385 683 1421 exercere
702 1368 789 1421 solum
806 1367 857 1420 sub
875 1385 991 1437 vomere,
1009 1374 1038 1424 et
1055 1371 1115 1439 ipsa

362 1445 492 1497 Flectere
509 1444 638 1496 luctantis
656 1443 728 1496 inter
745 1445 838 1499 vineta
854 1444 993 1510 iuvencos;

361 1521 434 1574 Tum
452 1520 520 1574 levis
537 1520 653 1574 calamos
672 1523 701 1574 et
718 1537 795 1574 rasae
813 1522 923 1575 hastilia
940 1523 1032 1591 virgae

362 1597 571 1665 Fraxineasque
589 1601 685 1665 aptare
703 1598 792 1664 sudes,
812 1598 958 1667 furcasque
976 1600 1100 1669 valentis,

361 1672 479 1726 Viribus
497 1673 564 1727 eniti
581 1689 698 1741 quarum
717 1676 746 1727 et
764 1677 939 1729 contemnere
957 1680 1053 1730 ventos
1179 1687 1216 1727 aot

362 1749 547 1814 Adsuescant,
565 1766 739 1818 summasque
759 1750 837 1818 sequi
855 1750 978 1804 tabulata
994 1769 1044 1820 per
1061 1752 1157 1806 ulmos.

399 1829 444 1879 Ae
462 1825 528 1879 dum
546 1825 634 1895 prima
652 1828 726 1879 novis
745 1826 877 1880 adolescit
894 1826 1034 1879 frondibus
1052 1831 1134 1893 aetas,

362 1902 537 1955 Parcendum
556 1902 666 1966 teneris,
685 1907 722 1968 et,
740 1902 806 1954 dum
826 1917 856 1954 se
874 1902 961 1955 laetus
979 1902 1015 1955 ad
1032 1920 1112 1956 auras

362 1978 474 2031 Palmes
492 1978 550 2044 agit
568 1976 636 2028 laxis
655 1992 704 2043 per
722 1994 820 2045 purum
838 1977 965 2031 inmissus
982 1978 1103 2046 habenis,

364 2052 431 2121 Ipsa
448 2052 505 2105 acie
522 2051 643 2105 nondum
660 2052 736 2105 falcis
754 2053 922 2121 temptanda,
940 2054 989 2109 sed
1007 2056 1083 2108 uncis
1179 2068 1215 2107 335

362 2127 526 2199 Carpendae
543 2127 668 2181 manibus
686 2128 805 2197 frondes,
824 2129 951 2197 interque
968 2132 1112 2199 legendae:

363 2203 437 2257 Inde
455 2202 501 2256 ubi
517 2203 571 2257 iam
590 2203 686 2257 validis
705 2205 848 2273 amplexae
867 2205 997 2274 stirpibus
1014 2208 1101 2260 ulmos

363 2280 498 2346 Exierint,
516 2283 582 2333 tunc
601 2280 705 2347 stringo
724 2296 822 2349 comas,
841 2284 907 2334 tunc
925 2282 1048 2336 bracchia
1065 2282 1164 2347 tonde;

364 2358 442 2408 Ante
460 2354 639 2408 reformidant
657 2355 759 2408 ferrum
769 2375 776 2420 ;
794 2359 853 2409 tum
872 2357 991 2425 denique
1009 2358 1078 2411 dura

363 2430 470 2484 Exerce
488 2430 600 2498 inperia,
619 2434 649 2483 et
667 2447 756 2485 ramos
774 2449 914 2499 compesce
932 2433 1047 2487 fluentis.
1178 2447 1215 2486 aro

399 2505 545 2559 Texendae
561 2522 658 2575 saepes
676 2507 760 2560 etiam
778 2512 807 2560 et
825 2523 908 2574 pecus
926 2525 1006 2562 omne
1024 2507 1179 2574 tenendum,

365 2580 515 2651 Praecipue
534 2582 600 2635 dum
617 2583 692 2637 frons
709 2586 807 2636 tenera
824 2581 1026 2653 inprudensque
1043 2584 1180 2647 laborum

365 2657 417 2711 Cui
435 2673 516 2726 super
534 2658 657 2726 indignas
675 2659 779 2713 hiemes
797 2659 937 2728 solemque
954 2664 1094 2729 potentem
1169 2689 1171 2693 ·

364 2734 510 2788 silvestres
527 2735 570 2787 uri
588 2735 703 2789 adsidue
721 2752 891 2805 capreaeque
909 2754 1039 2805 sequaces

365 2809 506 2877 Inludunt,
524 2816 673 2880 pascuntur
690 2829 755 2866 oves
773 2813 924 2882 avidaeque
942 2814 1077 2869 iuvencae.
1180 2827 1217 2868 375

364 2884 481 2952 Frigora
498 2904 547 2941 neo
566 2892 674 2942 tantum
693 2906 760 2942 cana
778 2894 904 2943 concreta
922 2882 1045 2959 pruina*

365 2962 425 3013 Aut
442 2963 533 3029 gravis
551 2963 711 3018 incumbens
729 2964 845 3033 scopulis
864 2964 1003 3022 arentibus
1021 2971 1119 3034 aestas,

365 3036 504 3101 Quantum
522 3038 561 3092 illi
580 3056 695 3093 nocuere
714 3057 819 3109 greges,
841 3042 957 3110 durique
975 3059 1108 3098 venenum

363 3110 464 3167 Dentis
482 3117 511 3167 33
529 3115 654 3169 admorso
673 3118 780 3185 signata
797 3118 825 3171 in
844 3118 929 3188 stirpe
947 3121 1066 3174 cicatrix.

363 3188 426 3242 Non
445 3189 525 3244 aliam
544 3191 578 3244 ob
597 3193 711 3261 culpam¹
722 3194 829 3247 Baccho
847 3212 929 3263 caper
946 3194 1069 3248 omnibus
1086 3192 1141 3245 aris
1178 3206 1216 3244 aso

364 3264 497 3320 Caeditur
514 3271 544 3321 et
562 3271 670 3323 veteres
688 3270 783 3323 ineunt
800 3271 958 3338 proscaenia
975 3270 1038 3336 ludi,

364 3340 546 3410 Praemiaque
563 3345 677 3412 ingeniis
694 3362 778 3415 pagos
797 3350 827 3401 et
845 3348 963 3416 compita
980 3349 1083 3401 circum

359 3416 492 3468 Thesidae
503 3434 631 3488 posuere,
649 3425 737 3492 atque
755 3424 833 3480 inter
851 3423 954 3496 piacula
965 3421 1040 3479 laeti

356 3484 477 3538 liolli'bus
491 3490 520 3542 in
536 3496 630 3559 pratis
649 3504 753 3556 unctos
774 3504 892 3566 saluem
909 3520 965 3577 per
983 3506 1082 3557 utres.

356 3554 395 3606 'ec
409 3573 465 3611 non
484 3564 616 3640 Ausonii,
638 3573 729 3634 Troia
748 3598 830 3653 gens
851 3584 959 3653 missa,
974 3580 1080 3641 mm
