<?xml version="1.0" encoding="UTF-8"?>
<!DOCTYPE html PUBLIC "-//W3C//DTD XHTML 1.0 Transitional//EN"
    "http://www.w3.org/TR/xhtml1/DTD/xhtml1-transitional.dtd">
<html xmlns="http://www.w3.org/1999/xhtml" xml:lang="en" lang="en">
 <head>
  <title>
</title>
<meta http-equiv="Content-Type" content="text/html;charset=utf-8" />
  <meta name='ocr-system' content='tesseract 3.04.00' />
  <meta name='ocr-capabilities' content='ocr_page ocr_carea ocr_par ocr_line ocrx_word'/>
</head>
<body>
  <div class='ocr_page' id='page_1' title='image "./publivergilimar00conigoog/publivergilimar00conigoog_0247.png"; bbox 0 0 3242 4159; ppageno 0'>
   <div class='ocr_carea' id='block_1_1' title="bbox 355 528 1259 3648">
    <p class='ocr_par' dir='ltr' id='par_1_1' title="bbox 360 528 1226 1668">
     <span class='ocr_line' id='line_1_1' title="bbox 609 528 1217 588; baseline -0.005 -9"><span class='ocrx_word' id='word_1_1' title='bbox 609 528 791 579; x_wconf 78' lang='lat' dir='ltr'><strong>AENEIDOS</strong></span> <span class='ocrx_word' id='word_1_2' title='bbox 814 530 883 579; x_wconf 90' lang='lat' dir='ltr'><strong>LlB.</strong></span> <span class='ocrx_word' id='word_1_3' title='bbox 906 531 970 579; x_wconf 87' lang='lat' dir='ltr'>VII.</span> <span class='ocrx_word' id='word_1_4' title='bbox 1171 538 1217 588; x_wconf 79' lang='lat'><strong>221</strong></span> 
     </span>
     <span class='ocr_line' id='line_1_2' title="bbox 360 608 1013 677; baseline 0 -14"><span class='ocrx_word' id='word_1_5' title='bbox 360 609 406 663; x_wconf 92' lang='lat' dir='ltr'><strong>Ut</strong></span> <span class='ocrx_word' id='word_1_6' title='bbox 424 608 516 677; x_wconf 78' lang='lat' dir='ltr'>pelagi</span> <span class='ocrx_word' id='word_1_7' title='bbox 534 621 617 677; x_wconf 86' lang='lat' dir='ltr'><strong>rupes</strong></span> <span class='ocrx_word' id='word_1_8' title='bbox 634 624 733 677; x_wconf 76' lang='lat' dir='ltr'><strong>magne</strong></span> <span class='ocrx_word' id='word_1_9' title='bbox 751 608 879 663; x_wconf 86' lang='lat' dir='ltr'><strong>veniente</strong></span> <span class='ocrx_word' id='word_1_10' title='bbox 896 608 1013 677; x_wconf 80' lang='lat' dir='ltr'>fragore,</span> 
     </span>
     <span class='ocr_line' id='line_1_3' title="bbox 362 684 1056 754; baseline 0.003 -17"><span class='ocrx_word' id='word_1_11' title='bbox 362 686 443 749; x_wconf 81' lang='lat' dir='ltr'><strong>Quae</strong></span> <span class='ocrx_word' id='word_1_12' title='bbox 462 699 528 751; x_wconf 86' lang='lat' dir='ltr'><strong>sese,</strong></span> <span class='ocrx_word' id='word_1_13' title='bbox 546 684 640 737; x_wconf 90' lang='lat' dir='ltr'><strong>multis</strong></span> <span class='ocrx_word' id='word_1_14' title='bbox 658 686 760 738; x_wconf 91' lang='lat' dir='ltr'><strong>circum</strong></span> <span class='ocrx_word' id='word_1_15' title='bbox 777 684 942 739; x_wconf 87' lang='lat' dir='ltr'><strong>latrantibus</strong></span> <span class='ocrx_word' id='word_1_16' title='bbox 959 686 1056 754; x_wconf 65' lang='lat' dir='ltr'><strong>urielis,¹</strong></span> 
     </span>
     <span class='ocr_line' id='line_1_4' title="bbox 362 755 1150 831; baseline 0.004 -16"><span class='ocrx_word' id='word_1_17' title='bbox 362 761 440 815; x_wconf 90' lang='lat' dir='ltr'><strong>Molc</strong></span> <span class='ocrx_word' id='word_1_18' title='bbox 458 764 551 825; x_wconf 80' lang='lat' dir='ltr'><strong>teuet3</strong></span> <span class='ocrx_word' id='word_1_19' title='bbox 570 760 671 827; x_wconf 88' lang='lat' dir='ltr'>scopuli</span> <span class='ocrx_word' id='word_1_20' title='bbox 690 755 855 829; x_wconf 86' lang='lat' dir='ltr'><strong>nequiquam</strong></span> <span class='ocrx_word' id='word_1_21' title='bbox 873 764 902 815; x_wconf 90' lang='lat' dir='ltr'><strong>et</strong></span> <span class='ocrx_word' id='word_1_22' title='bbox 920 778 1032 831; x_wconf 89' lang='lat' dir='ltr'><strong>spumea</strong></span> <span class='ocrx_word' id='word_1_23' title='bbox 1049 762 1150 818; x_wconf 89' lang='lat' dir='ltr'><strong>circum</strong></span> 
     </span>
     <span class='ocr_line' id='line_1_5' title="bbox 362 830 1224 906; baseline 0.002 -14"><span class='ocrx_word' id='word_1_24' title='bbox 362 838 438 892; x_wconf 82' lang='lat' dir='ltr'><strong>Saxa</strong></span> <span class='ocrx_word' id='word_1_25' title='bbox 454 835 583 902; x_wconf 88' lang='lat' dir='ltr'><strong>fremunt,</strong></span> <span class='ocrx_word' id='word_1_26' title='bbox 602 836 738 905; x_wconf 89' lang='lat' dir='ltr'><strong>laterique</strong></span> <span class='ocrx_word' id='word_1_27' title='bbox 755 836 836 890; x_wconf 90' lang='lat' dir='ltr'><strong>inlisa</strong></span> <span class='ocrx_word' id='word_1_28' title='bbox 854 837 1011 890; x_wconf 85' lang='lat' dir='ltr'><strong>refunditur</strong></span> <span class='ocrx_word' id='word_1_29' title='bbox 1028 838 1096 906; x_wconf 86' lang='lat' dir='ltr'><strong>alga</strong></span> <span class='ocrx_word' id='word_1_30' title='bbox 1182 830 1224 894; x_wconf 67' lang='lat' dir='ltr'><strong>stac¹</strong></span> 
     </span>
     <span class='ocr_line' id='line_1_6' title="bbox 361 908 1179 984; baseline 0.004 -17"><span class='ocrx_word' id='word_1_31' title='bbox 361 914 470 967; x_wconf 90' lang='lat' dir='ltr'><strong>Verum</strong></span> <span class='ocrx_word' id='word_1_32' title='bbox 487 911 534 965; x_wconf 92' lang='lat' dir='ltr'><strong>ubi</strong></span> <span class='ocrx_word' id='word_1_33' title='bbox 552 912 627 965; x_wconf 88' lang='lat' dir='ltr'><strong>nulla</strong></span> <span class='ocrx_word' id='word_1_34' title='bbox 645 912 728 967; x_wconf 86' lang='lat' dir='ltr'><strong>datur</strong></span> <span class='ocrx_word' id='word_1_35' title='bbox 745 930 855 967; x_wconf 88' lang='lat' dir='ltr'><strong>caecum</strong></span> <span class='ocrx_word' id='word_1_36' title='bbox 874 930 1039 984; x_wconf 82' lang='lat' dir='ltr'><strong>exsuperare</strong></span> <span class='ocrx_word' id='word_1_37' title='bbox 1057 908 1179 984; x_wconf 84' lang='lat' dir='ltr'><strong>potestas</strong></span> 
     </span>
     <span class='ocr_line' id='line_1_7' title="bbox 363 982 1225 1058; baseline -0.001 -13"><span class='ocrx_word' id='word_1_38' title='bbox 363 989 521 1056; x_wconf 76' lang='lat' dir='ltr'>Consilium,</span> <span class='ocrx_word' id='word_1_39' title='bbox 542 993 572 1042; x_wconf 90' lang='lat' dir='ltr'><strong>et</strong></span> <span class='ocrx_word' id='word_1_40' title='bbox 590 1006 687 1044; x_wconf 86' lang='lat' dir='ltr'><strong>saevae</strong></span> <span class='ocrx_word' id='word_1_41' title='bbox 706 994 776 1044; x_wconf 87' lang='lat' dir='ltr'><strong>nutu</strong></span> <span class='ocrx_word' id='word_1_42' title='bbox 795 985 908 1044; x_wconf 81' lang='lat' dir='ltr'><strong>quenis</strong></span> <span class='ocrx_word' id='word_1_43' title='bbox 927 993 994 1044; x_wconf 90' lang='lat' dir='ltr'><strong>eunt</strong></span> <span class='ocrx_word' id='word_1_44' title='bbox 1011 1007 1063 1058; x_wconf 87' lang='lat' dir='ltr'><strong>res,</strong></span> <span class='ocrx_word' id='word_1_45' title='bbox 1223 982 1225 987; x_wconf 62' lang='grc'><strong>’</strong></span> 
     </span>
     <span class='ocr_line' id='line_1_8' title="bbox 363 1066 1141 1135; baseline -0.001 -15"><span class='ocrx_word' id='word_1_46' title='bbox 363 1066 455 1120; x_wconf 79' lang='lat' dir='ltr'><strong>Multa</strong></span> <span class='ocrx_word' id='word_1_47' title='bbox 472 1066 539 1120; x_wconf 91' lang='lat' dir='ltr'><strong>deos</strong></span> <span class='ocrx_word' id='word_1_48' title='bbox 557 1083 693 1135; x_wconf 76' lang='lat' dir='ltr'><strong>aurasque</strong></span> <span class='ocrx_word' id='word_1_49' title='bbox 711 1070 792 1135; x_wconf 87' lang='lat' dir='ltr'><strong>pater</strong></span> <span class='ocrx_word' id='word_1_50' title='bbox 809 1069 929 1120; x_wconf 87' lang='lat' dir='ltr'><strong>testatus</strong></span> <span class='ocrx_word' id='word_1_51' title='bbox 948 1066 1043 1133; x_wconf 88' lang='lat' dir='ltr'><strong>inanis,</strong></span> <span class='ocrx_word' id='word_1_52' title='bbox 1139 1105 1141 1109; x_wconf 19' lang='grc' dir='ltr'><em>Α</em></span> 
     </span>
     <span class='ocr_line' id='line_1_9' title="bbox 363 1140 1139 1210; baseline 0.001 -15"><span class='ocrx_word' id='word_1_53' title='bbox 363 1141 529 1209; x_wconf 83' lang='lat' dir='ltr'><strong>Frangimur</strong></span> <span class='ocrx_word' id='word_1_54' title='bbox 544 1141 599 1195; x_wconf 91' lang='lat' dir='ltr'><strong>heu</strong></span> <span class='ocrx_word' id='word_1_55' title='bbox 616 1142 688 1210; x_wconf 87' lang='lat' dir='ltr'><strong>fatis,</strong></span> <span class='ocrx_word' id='word_1_56' title='bbox 706 1143 801 1210; x_wconf 86' lang='lat' dir='ltr'><strong>inquit,</strong></span> <span class='ocrx_word' id='word_1_57' title='bbox 821 1140 989 1210; x_wconf 75' lang='lat' dir='ltr'><strong>serimusque</strong></span> <span class='ocrx_word' id='word_1_58' title='bbox 1006 1140 1139 1209; x_wconf 73' lang='lat' dir='ltr'><strong>procella!</strong></span> 
     </span>
     <span class='ocr_line' id='line_1_10' title="bbox 363 1217 1219 1286; baseline 0 -16"><span class='ocrx_word' id='word_1_59' title='bbox 363 1217 423 1285; x_wconf 88' lang='lat' dir='ltr'><strong>Ipsi</strong></span> <span class='ocrx_word' id='word_1_60' title='bbox 441 1218 490 1271; x_wconf 83' lang='lat' dir='ltr'><strong>has</strong></span> <span class='ocrx_word' id='word_1_61' title='bbox 508 1217 639 1286; x_wconf 82' lang='lat' dir='ltr'><strong>sacrilege</strong></span> <span class='ocrx_word' id='word_1_62' title='bbox 657 1218 783 1286; x_wconf 87' lang='lat' dir='ltr'><strong>pendetis</strong></span> <span class='ocrx_word' id='word_1_63' title='bbox 802 1217 933 1285; x_wconf 76' lang='lat' dir='ltr'><strong>sangiune</strong></span> <span class='ocrx_word' id='word_1_64' title='bbox 951 1233 1060 1284; x_wconf 87' lang='lat' dir='ltr'><strong>peenas,</strong></span> <span class='ocrx_word' id='word_1_65' title='bbox 1182 1230 1219 1270; x_wconf 80' lang='lat' dir='ltr'><strong>sas</strong></span> 
     </span>
     <span class='ocr_line' id='line_1_11' title="bbox 363 1292 1093 1362; baseline 0 -15"><span class='ocrx_word' id='word_1_66' title='bbox 363 1293 388 1347; x_wconf 91' lang='lat'>0</span> <span class='ocrx_word' id='word_1_67' title='bbox 406 1293 509 1349; x_wconf 88' lang='lat' dir='ltr'><strong>miseri.</strong></span> <span class='ocrx_word' id='word_1_68' title='bbox 545 1293 590 1359; x_wconf 81' lang='lat' dir='ltr'><strong>Te,</strong></span> <span class='ocrx_word' id='word_1_69' title='bbox 609 1293 706 1361; x_wconf 80' lang='lat' dir='ltr'><strong>Turne,</strong></span> <span class='ocrx_word' id='word_1_70' title='bbox 724 1294 807 1362; x_wconf 81' lang='lat' dir='ltr'><strong>nefas,</strong></span> <span class='ocrx_word' id='word_1_71' title='bbox 826 1296 855 1348; x_wconf 91' lang='lat' dir='ltr'><strong>te</strong></span> <span class='ocrx_word' id='word_1_72' title='bbox 872 1293 958 1347; x_wconf 83' lang='lat' dir='ltr'><strong>triste.</strong></span> <span class='ocrx_word' id='word_1_73' title='bbox 973 1292 1093 1347; x_wconf 85' lang='lat' dir='ltr'><strong>manebit</strong></span> 
     </span>
     <span class='ocr_line' id='line_1_12' title="bbox 363 1367 1045 1439; baseline -0.001 -16"><span class='ocrx_word' id='word_1_74' title='bbox 363 1369 540 1439; x_wconf 84' lang='lat' dir='ltr'><strong>Supplicium,</strong></span> <span class='ocrx_word' id='word_1_75' title='bbox 557 1369 683 1439; x_wconf 81' lang='lat' dir='ltr'><strong>votisque</strong></span> <span class='ocrx_word' id='word_1_76' title='bbox 702 1369 768 1422; x_wconf 90' lang='lat' dir='ltr'><strong>dces</strong></span> <span class='ocrx_word' id='word_1_77' title='bbox 785 1367 953 1423; x_wconf 80' lang='lat' dir='ltr'><strong>venerabere</strong></span> <span class='ocrx_word' id='word_1_78' title='bbox 971 1368 1045 1422; x_wconf 83' lang='lat' dir='ltr'><strong>seris.</strong></span> 
     </span>
     <span class='ocr_line' id='line_1_13' title="bbox 362 1443 1166 1515; baseline -0.002 -16"><span class='ocrx_word' id='word_1_79' title='bbox 362 1445 436 1499; x_wconf 89' lang='lat' dir='ltr'><strong>Nam</strong></span> <span class='ocrx_word' id='word_1_80' title='bbox 453 1446 520 1499; x_wconf 91' lang='lat' dir='ltr'><strong>mihi</strong></span> <span class='ocrx_word' id='word_1_81' title='bbox 538 1448 618 1514; x_wconf 82' lang='lat' dir='ltr'><strong>parta</strong></span> <span class='ocrx_word' id='word_1_82' title='bbox 628 1445 720 1514; x_wconf 13' lang='lat' dir='ltr'><strong>*quies</strong></span> <span class='ocrx_word' id='word_1_83' title='bbox 738 1445 881 1515; x_wconf 86' lang='lat' dir='ltr'><strong>omnisque</strong></span> <span class='ocrx_word' id='word_1_84' title='bbox 898 1445 928 1498; x_wconf 90' lang='lat' dir='ltr'><strong>iu</strong></span> <span class='ocrx_word' id='word_1_85' title='bbox 945 1443 1037 1499; x_wconf 91' lang='lat' dir='ltr'><strong>limine</strong></span> <span class='ocrx_word' id='word_1_86' title='bbox 1055 1447 1166 1513; x_wconf 81' lang='lat' dir='ltr'><strong>pertus3</strong></span> 
     </span>
     <span class='ocr_line' id='line_1_14' title="bbox 363 1519 1006 1591; baseline 0 -16"><span class='ocrx_word' id='word_1_87' title='bbox 363 1521 472 1575; x_wconf 82' lang='lat' dir='ltr'><strong>Funere</strong></span> <span class='ocrx_word' id='word_1_88' title='bbox 489 1521 561 1578; x_wconf 83' lang='lat' dir='ltr'><strong>felici</strong></span> <span class='ocrx_word' id='word_1_89' title='bbox 580 1521 689 1591; x_wconf 83' lang='lat' dir='ltr'><strong>spolior.</strong></span> <span class='ocrx_word' id='word_1_90' title='bbox 725 1521 751 1576; x_wconf 87' lang='lat' dir='ltr'>N</span> <span class='ocrx_word' id='word_1_91' title='bbox 753 1538 784 1576; x_wconf 90' lang='lat' dir='ltr'><strong>ec</strong></span> <span class='ocrx_word' id='word_1_92' title='bbox 801 1521 882 1589; x_wconf 89' lang='lat' dir='ltr'><strong>plura</strong></span> <span class='ocrx_word' id='word_1_93' title='bbox 898 1519 1006 1575; x_wconf 87' lang='lat' dir='ltr'><strong>locutus</strong></span> 
     </span>
     <span class='ocr_line' id='line_1_15' title="bbox 362 1595 1226 1668; baseline -0.005 -17"><span class='ocrx_word' id='word_1_94' title='bbox 362 1597 471 1667; x_wconf 79' lang='lat' dir='ltr'><strong>Saepsit</strong></span> <span class='ocrx_word' id='word_1_95' title='bbox 489 1614 518 1651; x_wconf 86' lang='lat' dir='ltr'><strong>se</strong></span> <span class='ocrx_word' id='word_1_96' title='bbox 536 1598 625 1665; x_wconf 87' lang='lat' dir='ltr'><strong>tectis,</strong></span> <span class='ocrx_word' id='word_1_97' title='bbox 643 1614 790 1668; x_wconf 84' lang='lat' dir='ltr'><strong>rerumque</strong></span> <span class='ocrx_word' id='word_1_98' title='bbox 810 1596 922 1665; x_wconf 87' lang='lat' dir='ltr'><strong>reliquit</strong></span> <span class='ocrx_word' id='word_1_99' title='bbox 939 1595 1067 1650; x_wconf 80' lang='lat' dir='ltr'><strong>habenas.</strong></span> <span class='ocrx_word' id='word_1_100' title='bbox 1181 1608 1226 1647; x_wconf 87' lang='lat' dir='ltr'><strong>ece-</strong></span> 
     </span>
    </p>

    <p class='ocr_par' dir='ltr' id='par_1_2' title="bbox 398 1669 1191 1743">
     <span class='ocr_line' id='line_1_16' title="bbox 398 1669 1191 1743; baseline -0.003 -18"><span class='ocrx_word' id='word_1_101' title='bbox 398 1672 460 1726; x_wconf 88' lang='lat' dir='ltr'><strong>Mes</strong></span> <span class='ocrx_word' id='word_1_102' title='bbox 478 1677 538 1727; x_wconf 87' lang='lat' dir='ltr'><strong>crat</strong></span> <span class='ocrx_word' id='word_1_103' title='bbox 556 1673 693 1743; x_wconf 88' lang='lat' dir='ltr'><strong>Hesperie</strong></span> <span class='ocrx_word' id='word_1_104' title='bbox 711 1673 739 1726; x_wconf 91' lang='lat' dir='ltr'><strong>in</strong></span> <span class='ocrx_word' id='word_1_105' title='bbox 759 1672 847 1740; x_wconf 85' lang='lat' dir='ltr'><strong>Latio,</strong></span> <span class='ocrx_word' id='word_1_106' title='bbox 866 1689 949 1742; x_wconf 91' lang='lat' dir='ltr'><strong>quem</strong></span> <span class='ocrx_word' id='word_1_107' title='bbox 967 1671 1092 1742; x_wconf 86' lang='lat' dir='ltr'><strong>protinus</strong></span> <span class='ocrx_word' id='word_1_108' title='bbox 1109 1669 1191 1740; x_wconf 83' lang='lat' dir='ltr'><strong>urbes</strong></span> 
     </span>
    </p>

    <p class='ocr_par' dir='ltr' id='par_1_3' title="bbox 355 1747 1259 3648">
     <span class='ocr_line' id='line_1_17' title="bbox 362 1747 1094 1816; baseline -0.01 -12"><span class='ocrx_word' id='word_1_109' title='bbox 362 1747 489 1804; x_wconf 83' lang='lat' dir='ltr'><strong>Albanae</strong></span> <span class='ocrx_word' id='word_1_110' title='bbox 507 1748 615 1803; x_wconf 86' lang='lat' dir='ltr'><strong>coluere</strong></span> <span class='ocrx_word' id='word_1_111' title='bbox 633 1764 748 1816; x_wconf 86' lang='lat' dir='ltr'><strong>sacrum,</strong></span> <span class='ocrx_word' id='word_1_112' title='bbox 767 1764 838 1800; x_wconf 90' lang='lat' dir='ltr'><strong>nunc</strong></span> <span class='ocrx_word' id='word_1_113' title='bbox 855 1754 984 1801; x_wconf 84' lang='lat' dir='ltr'><strong>maxuma</strong></span> <span class='ocrx_word' id='word_1_114' title='bbox 1001 1764 1094 1800; x_wconf 88' lang='lat' dir='ltr'><strong>rerum</strong></span> 
     </span>
     <span class='ocr_line' id='line_1_18' title="bbox 362 1821 1170 1894; baseline -0.007 -15"><span class='ocrx_word' id='word_1_115' title='bbox 362 1826 452 1879; x_wconf 85' lang='lat' dir='ltr'><strong>Roma</strong></span> <span class='ocrx_word' id='word_1_116' title='bbox 470 1825 542 1893; x_wconf 87' lang='lat' dir='ltr'><strong>colit,</strong></span> <span class='ocrx_word' id='word_1_117' title='bbox 561 1842 622 1879; x_wconf 91' lang='lat' dir='ltr'><strong>cum</strong></span> <span class='ocrx_word' id='word_1_118' title='bbox 638 1826 729 1894; x_wconf 87' lang='lat' dir='ltr'><strong>&#39;prima</strong></span> <span class='ocrx_word' id='word_1_119' title='bbox 746 1826 858 1877; x_wconf 86' lang='lat' dir='ltr'><strong>merent</strong></span> <span class='ocrx_word' id='word_1_120' title='bbox 875 1823 904 1876; x_wconf 93' lang='lat' dir='ltr'><strong>in</strong></span> <span class='ocrx_word' id='word_1_121' title='bbox 921 1823 1026 1891; x_wconf 85' lang='lat' dir='ltr'><strong>proelia</strong></span> <span class='ocrx_word' id='word_1_122' title='bbox 1043 1821 1170 1887; x_wconf 85' lang='lat' dir='ltr'><strong>Martem,</strong></span> 
     </span>
     <span class='ocr_line' id='line_1_19' title="bbox 361 1897 1225 1964; baseline -0.007 -9"><span class='ocrx_word' id='word_1_123' title='bbox 361 1902 426 1956; x_wconf 80' lang='lat' dir='ltr'><strong>Sive</strong></span> <span class='ocrx_word' id='word_1_124' title='bbox 445 1901 524 1955; x_wconf 80' lang='lat' dir='ltr'><strong>Getis</strong></span> <span class='ocrx_word' id='word_1_125' title='bbox 541 1901 643 1954; x_wconf 83' lang='lat' dir='ltr'><strong>inferre</strong></span> <span class='ocrx_word' id='word_1_126' title='bbox 661 1917 745 1954; x_wconf 89' lang='lat' dir='ltr'><strong>manu</strong></span> <span class='ocrx_word' id='word_1_127' title='bbox 762 1897 934 1953; x_wconf 82' lang='lat' dir='ltr'><strong>lacrimabile·</strong></span> <span class='ocrx_word' id='word_1_128' title='bbox 947 1898 1050 1953; x_wconf 89' lang='lat' dir='ltr'><strong>bellum</strong></span> <span class='ocrx_word' id='word_1_129' title='bbox 1224 1961 1225 1964; x_wconf 7' lang='grc' dir='ltr'><strong>Ἴ</strong></span> 
     </span>
     <span class='ocr_line' id='line_1_20' title="bbox 361 1973 1217 2046; baseline -0.006 -15"><span class='ocrx_word' id='word_1_130' title='bbox 361 1977 531 2046; x_wconf 80' lang='lat' dir='ltr'><strong>Hyrcanisve</strong></span> <span class='ocrx_word' id='word_1_131' title='bbox 544 1977 679 2031; x_wconf 85' lang='lat' dir='ltr'><strong>Arabisve</strong></span> <span class='ocrx_word' id='word_1_132' title='bbox 691 1978 798 2045; x_wconf 89' lang='lat' dir='ltr'><strong>parant,</strong></span> <span class='ocrx_word' id='word_1_133' title='bbox 813 1990 862 2029; x_wconf 89' lang='lat' dir='ltr'><strong>seu</strong></span> <span class='ocrx_word' id='word_1_134' title='bbox 873 1974 990 2028; x_wconf 88' lang='lat' dir='ltr'><strong>tendere</strong></span> <span class='ocrx_word' id='word_1_135' title='bbox 1002 1974 1038 2027; x_wconf 90' lang='lat' dir='ltr'><strong>ad</strong></span> <span class='ocrx_word' id='word_1_136' title='bbox 1051 1973 1137 2027; x_wconf 90' lang='lat' dir='ltr'><strong>Indos</strong></span> <span class='ocrx_word' id='word_1_137' title='bbox 1179 1988 1217 2027; x_wconf 85' lang='lat' dir='ltr'><strong>ses</strong></span> 
     </span>
     <span class='ocr_line' id='line_1_21' title="bbox 361 2050 1113 2122; baseline -0.001 -16"><span class='ocrx_word' id='word_1_138' title='bbox 361 2055 555 2122; x_wconf 84' lang='lat' dir='ltr'><strong>Auroramque</strong></span> <span class='ocrx_word' id='word_1_139' title='bbox 574 2054 651 2121; x_wconf 87' lang='lat' dir='ltr'><strong>sequi</strong></span> <span class='ocrx_word' id='word_1_140' title='bbox 671 2052 843 2120; x_wconf 86' lang='lat' dir='ltr'><strong>Parthosque</strong></span> <span class='ocrx_word' id='word_1_141' title='bbox 862 2067 1004 2120; x_wconf 84' lang='lat' dir='ltr'><strong>reposcere</strong></span> <span class='ocrx_word' id='word_1_142' title='bbox 1022 2050 1113 2119; x_wconf 83' lang='lat' dir='ltr'><strong>signe:</strong></span> 
     </span>
     <span class='ocr_line' id='line_1_22' title="bbox 360 2126 1095 2198; baseline -0.005 -14"><span class='ocrx_word' id='word_1_143' title='bbox 360 2129 433 2184; x_wconf 85' lang='lat' dir='ltr'><strong>Sunt</strong></span> <span class='ocrx_word' id='word_1_144' title='bbox 451 2130 577 2197; x_wconf 81' lang='lat' dir='ltr'><strong>geminae</strong></span> <span class='ocrx_word' id='word_1_145' title='bbox 596 2129 667 2183; x_wconf 91' lang='lat' dir='ltr'><strong>Belli</strong></span> <span class='ocrx_word' id='word_1_146' title='bbox 684 2131 788 2198; x_wconf 87' lang='lat' dir='ltr'><strong>portae,</strong></span> <span class='ocrx_word' id='word_1_147' title='bbox 807 2126 847 2181; x_wconf 86' lang='lat' dir='ltr'><strong>sic</strong></span> <span class='ocrx_word' id='word_1_148' title='bbox 865 2127 974 2180; x_wconf 91' lang='lat' dir='ltr'><strong>nemine</strong></span> <span class='ocrx_word' id='word_1_149' title='bbox 993 2127 1095 2194; x_wconf 88' lang='lat' dir='ltr'><strong>dicunt,</strong></span> 
     </span>
     <span class='ocr_line' id='line_1_23' title="bbox 360 2203 1054 2273; baseline -0.001 -15"><span class='ocrx_word' id='word_1_150' title='bbox 360 2205 506 2273; x_wconf 82' lang='lat' dir='ltr'><strong>Religione</strong></span> <span class='ocrx_word' id='word_1_151' title='bbox 524 2208 664 2259; x_wconf 85' lang='lat' dir='ltr'><strong>sacrae&#39;et</strong></span> <span class='ocrx_word' id='word_1_152' title='bbox 682 2204 755 2259; x_wconf 85' lang='lat' dir='ltr'><strong>saevi</strong></span> <span class='ocrx_word' id='word_1_153' title='bbox 774 2203 921 2257; x_wconf 84' lang='lat' dir='ltr'><strong>formidine</strong></span> <span class='ocrx_word' id='word_1_154' title='bbox 939 2203 1054 2269; x_wconf 85' lang='lat' dir='ltr'><strong>Martis3</strong></span> 
     </span>
     <span class='ocr_line' id='line_1_24' title="bbox 360 2277 1100 2348; baseline -0.007 -12"><span class='ocrx_word' id='word_1_155' title='bbox 360 2281 479 2336; x_wconf 84' lang='lat' dir='ltr'><strong>Centum</strong></span> <span class='ocrx_word' id='word_1_156' title='bbox 498 2282 571 2336; x_wconf 88' lang='lat' dir='ltr'><strong>acrei</strong></span> <span class='ocrx_word' id='word_1_157' title='bbox 589 2280 720 2335; x_wconf 88' lang='lat' dir='ltr'><strong>claudunt</strong></span> <span class='ocrx_word' id='word_1_158' title='bbox 737 2283 831 2335; x_wconf 76' lang='lat' dir='ltr'><strong>vectes</strong></span> <span class='ocrx_word' id='word_1_159' title='bbox 849 2283 1016 2348; x_wconf 86' lang='lat' dir='ltr'><strong>aeternaque</strong></span> <span class='ocrx_word' id='word_1_160' title='bbox 1033 2277 1100 2331; x_wconf 86' lang='lat' dir='ltr'><strong>ferri</strong></span> 
     </span>
     <span class='ocr_line' id='line_1_25' title="bbox 359 2355 1216 2424; baseline -0.005 -13"><span class='ocrx_word' id='word_1_161' title='bbox 359 2358 480 2424; x_wconf 83' lang='lat' dir='ltr'><strong>Robora,</strong></span> <span class='ocrx_word' id='word_1_162' title='bbox 499 2374 549 2412; x_wconf 90' lang='lat' dir='ltr'><strong>nec</strong></span> <span class='ocrx_word' id='word_1_163' title='bbox 567 2361 658 2412; x_wconf 86' lang='lat' dir='ltr'><strong>custos</strong></span> <span class='ocrx_word' id='word_1_164' title='bbox 675 2357 786 2411; x_wconf 88' lang='lat' dir='ltr'><strong>absistit</strong></span> <span class='ocrx_word' id='word_1_165' title='bbox 803 2355 898 2410; x_wconf 90' lang='lat' dir='ltr'><strong>limine</strong></span> <span class='ocrx_word' id='word_1_166' title='bbox 917 2355 1017 2419; x_wconf 86' lang='lat' dir='ltr'><strong>Ianus;</strong></span> <span class='ocrx_word' id='word_1_167' title='bbox 1178 2367 1216 2407; x_wconf 75' lang='lat' dir='ltr'><strong>sse</strong></span> 
     </span>
     <span class='ocr_line' id='line_1_26' title="bbox 358 2430 1116 2502; baseline -0.007 -15"><span class='ocrx_word' id='word_1_168' title='bbox 358 2434 430 2501; x_wconf 85' lang='lat' dir='ltr'><strong>Has,</strong></span> <span class='ocrx_word' id='word_1_169' title='bbox 448 2434 495 2487; x_wconf 89' lang='lat' dir='ltr'><strong>ubi</strong></span> <span class='ocrx_word' id='word_1_170' title='bbox 513 2437 589 2487; x_wconf 89' lang='lat' dir='ltr'><strong>certa</strong></span> <span class='ocrx_word' id='word_1_171' title='bbox 607 2433 686 2487; x_wconf 88' lang='lat' dir='ltr'><strong>sedet</strong></span> <span class='ocrx_word' id='word_1_172' title='bbox 703 2431 830 2502; x_wconf 88' lang='lat' dir='ltr'><strong>patribus</strong></span> <span class='ocrx_word' id='word_1_173' title='bbox 848 2430 985 2485; x_wconf 84' lang='lat' dir='ltr'><strong>sententia</strong></span> <span class='ocrx_word' id='word_1_174' title='bbox 1001 2444 1116 2498; x_wconf 86' lang='lat' dir='ltr'><strong>pugnae,</strong></span> 
     </span>
     <span class='ocr_line' id='line_1_27' title="bbox 358 2506 980 2579; baseline -0.011 -14"><span class='ocrx_word' id='word_1_175' title='bbox 358 2510 429 2579; x_wconf 88' lang='lat' dir='ltr'><strong>Ipse</strong></span> <span class='ocrx_word' id='word_1_176' title='bbox 447 2510 578 2576; x_wconf 84' lang='lat' dir='ltr'><strong>Quirinali</strong></span> <span class='ocrx_word' id='word_1_177' title='bbox 595 2509 692 2562; x_wconf 86' lang='lat' dir='ltr'><strong>trabea</strong></span> <span class='ocrx_word' id='word_1_178' title='bbox 710 2508 855 2576; x_wconf 91' lang='lat' dir='ltr'><strong>cinctuque</strong></span> <span class='ocrx_word' id='word_1_179' title='bbox 875 2506 980 2561; x_wconf 85' lang='lat' dir='ltr'><strong>Gabino</strong></span> 
     </span>
     <span class='ocr_line' id='line_1_28' title="bbox 358 2580 1013 2653; baseline -0.009 -13"><span class='ocrx_word' id='word_1_180' title='bbox 358 2586 483 2653; x_wconf 74' lang='lat' dir='ltr'><strong>Insignis</strong></span> <span class='ocrx_word' id='word_1_181' title='bbox 500 2588 606 2640; x_wconf 85' lang='lat' dir='ltr'><strong>reserat</strong></span> <span class='ocrx_word' id='word_1_182' title='bbox 623 2584 768 2639; x_wconf 88' lang='lat' dir='ltr'><strong>stridentia</strong></span> <span class='ocrx_word' id='word_1_183' title='bbox 785 2582 880 2636; x_wconf 87' lang='lat' dir='ltr'><strong>limina</strong></span> <span class='ocrx_word' id='word_1_184' title='bbox 898 2580 1013 2647; x_wconf 82' lang='lat' dir='ltr'><strong>Gousu13</strong></span> 
     </span>
     <span class='ocr_line' id='line_1_29' title="bbox 358 2656 1095 2731; baseline -0.009 -14"><span class='ocrx_word' id='word_1_185' title='bbox 358 2663 427 2731; x_wconf 86' lang='lat' dir='ltr'><strong>Ipse</strong></span> <span class='ocrx_word' id='word_1_186' title='bbox 444 2666 522 2717; x_wconf 87' lang='lat' dir='ltr'><strong>vocat</strong></span> <span class='ocrx_word' id='word_1_187' title='bbox 540 2678 652 2730; x_wconf 79' lang='lat' dir='ltr'><strong>pugnas,</strong></span> <span class='ocrx_word' id='word_1_188' title='bbox 671 2660 796 2730; x_wconf 84' lang='lat' dir='ltr'><strong>sequitur</strong></span> <span class='ocrx_word' id='word_1_189' title='bbox 813 2662 874 2713; x_wconf 90' lang='lat' dir='ltr'><strong>tum</strong></span> <span class='ocrx_word' id='word_1_190' title='bbox 891 2660 984 2711; x_wconf 89' lang='lat' dir='ltr'><strong>cetera</strong></span> <span class='ocrx_word' id='word_1_191' title='bbox 1001 2656 1095 2727; x_wconf 87' lang='lat' dir='ltr'><strong>pubes,</strong></span> 
     </span>
     <span class='ocr_line' id='line_1_30' title="bbox 357 2736 1214 2807; baseline -0.006 -16"><span class='ocrx_word' id='word_1_192' title='bbox 357 2738 506 2807; x_wconf 89' lang='lat' dir='ltr'><strong>Aereaque</strong></span> <span class='ocrx_word' id='word_1_193' title='bbox 524 2738 642 2792; x_wconf 87' lang='lat' dir='ltr'><strong>adsensu</strong></span> <span class='ocrx_word' id='word_1_194' title='bbox 659 2736 816 2805; x_wconf 88' lang='lat' dir='ltr'><strong>conspirant</strong></span> <span class='ocrx_word' id='word_1_195' title='bbox 833 2751 934 2789; x_wconf 90' lang='lat' dir='ltr'><strong>cernua</strong></span> <span class='ocrx_word' id='word_1_196' title='bbox 951 2750 1040 2788; x_wconf 89' lang='lat' dir='ltr'><strong>rauce.</strong></span> <span class='ocrx_word' id='word_1_197' title='bbox 1177 2747 1214 2787; x_wconf 79' lang='lat' dir='ltr'><strong>ms</strong></span> 
     </span>
     <span class='ocr_line' id='line_1_31' title="bbox 357 2810 1067 2878; baseline -0.007 -10"><span class='ocrx_word' id='word_1_198' title='bbox 357 2813 424 2868; x_wconf 89' lang='lat' dir='ltr'><strong>Hoc</strong></span> <span class='ocrx_word' id='word_1_199' title='bbox 442 2817 471 2868; x_wconf 88' lang='lat' dir='ltr'><strong>et</strong></span> <span class='ocrx_word' id='word_1_200' title='bbox 488 2817 547 2868; x_wconf 90' lang='lat' dir='ltr'><strong>tum</strong></span> <span class='ocrx_word' id='word_1_201' title='bbox 567 2813 706 2867; x_wconf 88' lang='lat' dir='ltr'><strong>Aeneadis</strong></span> <span class='ocrx_word' id='word_1_202' title='bbox 724 2812 845 2867; x_wconf 83' lang='lat' dir='ltr'><strong>indicere</strong></span> <span class='ocrx_word' id='word_1_203' title='bbox 862 2810 1067 2878; x_wconf 84' lang='lat' dir='ltr'><strong>bellaLatinus</strong></span> 
     </span>
     <span class='ocr_line' id='line_1_32' title="bbox 356 2887 1159 2958; baseline -0.007 -14"><span class='ocrx_word' id='word_1_204' title='bbox 356 2888 440 2944; x_wconf 89' lang='lat' dir='ltr'><strong>More</strong></span> <span class='ocrx_word' id='word_1_205' title='bbox 457 2889 604 2944; x_wconf 88' lang='lat' dir='ltr'><strong>iubebatur</strong></span> <span class='ocrx_word' id='word_1_206' title='bbox 621 2889 765 2958; x_wconf 87' lang='lat' dir='ltr'><strong>tristisque</strong></span> <span class='ocrx_word' id='word_1_207' title='bbox 783 2887 925 2942; x_wconf 88' lang='lat' dir='ltr'><strong>recludere</strong></span> <span class='ocrx_word' id='word_1_208' title='bbox 942 2890 1044 2954; x_wconf 87' lang='lat' dir='ltr'><strong>pertas.</strong></span> <span class='ocrx_word' id='word_1_209' title='bbox 1157 2909 1159 2913; x_wconf 96' lang='lat'>·</span> 
     </span>
     <span class='ocr_line' id='line_1_33' title="bbox 356 2962 1006 3034; baseline -0.011 -13"><span class='ocrx_word' id='word_1_210' title='bbox 356 2964 505 3021; x_wconf 79' lang='lat' dir='ltr'><strong>Abstinuit</strong></span> <span class='ocrx_word' id='word_1_211' title='bbox 521 2970 597 3020; x_wconf 91' lang='lat' dir='ltr'><strong>tactu</strong></span> <span class='ocrx_word' id='word_1_212' title='bbox 613 2968 702 3034; x_wconf 86' lang='lat' dir='ltr'><strong>pater,</strong></span> <span class='ocrx_word' id='word_1_213' title='bbox 719 2979 886 3031; x_wconf 88' lang='lat' dir='ltr'><strong>aversusque</strong></span> <span class='ocrx_word' id='word_1_214' title='bbox 904 2962 1006 3030; x_wconf 83' lang='lat' dir='ltr'><strong>refugit</strong></span> 
     </span>
     <span class='ocr_line' id='line_1_34' title="bbox 356 3035 1100 3108; baseline -0.008 -13"><span class='ocrx_word' id='word_1_215' title='bbox 356 3040 456 3096; x_wconf 87' lang='lat' dir='ltr'><strong>Foeda</strong></span> <span class='ocrx_word' id='word_1_216' title='bbox 473 3041 631 3108; x_wconf 88' lang='lat' dir='ltr'><strong>ministeria,</strong></span> <span class='ocrx_word' id='word_1_217' title='bbox 650 3044 679 3094; x_wconf 91' lang='lat' dir='ltr'><strong>et</strong></span> <span class='ocrx_word' id='word_1_218' title='bbox 697 3040 784 3094; x_wconf 89' lang='lat' dir='ltr'><strong>caecis</strong></span> <span class='ocrx_word' id='word_1_219' title='bbox 802 3055 832 3092; x_wconf 87' lang='lat' dir='ltr'><strong>se</strong></span> <span class='ocrx_word' id='word_1_220' title='bbox 849 3036 972 3091; x_wconf 84' lang='lat' dir='ltr'><strong>condidit</strong></span> <span class='ocrx_word' id='word_1_221' title='bbox 989 3035 1100 3089; x_wconf 86' lang='lat' dir='ltr'><strong>umbris.</strong></span> 
     </span>
     <span class='ocr_line' id='line_1_35' title="bbox 356 3112 1213 3185; baseline -0.013 -12"><span class='ocrx_word' id='word_1_222' title='bbox 356 3118 430 3173; x_wconf 75' lang='lat' dir='ltr'><strong>uum</strong></span> <span class='ocrx_word' id='word_1_223' title='bbox 447 3117 543 3185; x_wconf 86' lang='lat' dir='ltr'><strong>regina</strong></span> <span class='ocrx_word' id='word_1_224' title='bbox 560 3117 643 3170; x_wconf 90' lang='lat' dir='ltr'><strong>deum</strong></span> <span class='ocrx_word' id='word_1_225' title='bbox 661 3116 735 3170; x_wconf 91' lang='lat' dir='ltr'><strong>caele</strong></span> <span class='ocrx_word' id='word_1_226' title='bbox 754 3115 866 3184; x_wconf 88' lang='lat' dir='ltr'><strong>delapsa</strong></span> <span class='ocrx_word' id='word_1_227' title='bbox 882 3112 1014 3165; x_wconf 86' lang='lat' dir='ltr'><strong>morantis</strong></span> <span class='ocrx_word' id='word_1_228' title='bbox 1175 3124 1213 3164; x_wconf 84' lang='lat' dir='ltr'><strong>ese</strong></span> 
     </span>
     <span class='ocr_line' id='line_1_36' title="bbox 357 3187 1032 3262; baseline -0.012 -15"><span class='ocrx_word' id='word_1_229' title='bbox 357 3193 467 3262; x_wconf 89' lang='lat' dir='ltr'><strong>Inpulit</strong></span> <span class='ocrx_word' id='word_1_230' title='bbox 485 3193 544 3262; x_wconf 89' lang='lat' dir='ltr'><strong>ipsa</strong></span> <span class='ocrx_word' id='word_1_231' title='bbox 560 3209 642 3245; x_wconf 89' lang='lat' dir='ltr'><strong>manu</strong></span> <span class='ocrx_word' id='word_1_232' title='bbox 658 3194 760 3260; x_wconf 87' lang='lat' dir='ltr'><strong>portas,</strong></span> <span class='ocrx_word' id='word_1_233' title='bbox 778 3192 807 3243; x_wconf 90' lang='lat' dir='ltr'><strong>et</strong></span> <span class='ocrx_word' id='word_1_234' title='bbox 825 3187 936 3243; x_wconf 87' lang='lat' dir='ltr'><strong>cardine</strong></span> <span class='ocrx_word' id='word_1_235' title='bbox 953 3202 1032 3240; x_wconf 87' lang='lat' dir='ltr'><strong>verso</strong></span> 
     </span>
     <span class='ocr_line' id='line_1_37' title="bbox 355 3263 943 3337; baseline -0.017 -11"><span class='ocrx_word' id='word_1_236' title='bbox 355 3269 433 3326; x_wconf 85' lang='lat' dir='ltr'><strong>Belli</strong></span> <span class='ocrx_word' id='word_1_237' title='bbox 449 3269 568 3324; x_wconf 86' lang='lat' dir='ltr'><strong>ferratos</strong></span> <span class='ocrx_word' id='word_1_238' title='bbox 583 3269 686 3337; x_wconf 85' lang='lat' dir='ltr'><strong>rumpit</strong></span> <span class='ocrx_word' id='word_1_239' title='bbox 704 3265 833 3321; x_wconf 84' lang='lat' dir='ltr'><strong>Saturnia</strong></span> <span class='ocrx_word' id='word_1_240' title='bbox 850 3263 943 3333; x_wconf 88' lang='lat' dir='ltr'><strong>pestis.</strong></span> 
     </span>
     <span class='ocr_line' id='line_1_38' title="bbox 356 3338 1086 3412; baseline -0.015 -11"><span class='ocrx_word' id='word_1_241' title='bbox 356 3344 454 3401; x_wconf 86' lang='lat' dir='ltr'><strong>Ardet</strong></span> <span class='ocrx_word' id='word_1_242' title='bbox 470 3346 590 3399; x_wconf 85' lang='lat' dir='ltr'><strong>inexcita</strong></span> <span class='ocrx_word' id='word_1_243' title='bbox 607 3342 729 3397; x_wconf 88' lang='lat' dir='ltr'><strong>Ausonia</strong></span> <span class='ocrx_word' id='word_1_244' title='bbox 745 3345 830 3412; x_wconf 88' lang='lat' dir='ltr'><strong>atque</strong></span> <span class='ocrx_word' id='word_1_245' title='bbox 848 3338 987 3393; x_wconf 91' lang='lat' dir='ltr'><strong>inmobilis</strong></span> <span class='ocrx_word' id='word_1_246' title='bbox 1003 3340 1086 3401; x_wconf 56' lang='lat' dir='ltr'><strong>antee</strong></span> 
     </span>
     <span class='ocr_line' id='line_1_39' title="bbox 355 3413 1116 3491; baseline -0.012 -16"><span class='ocrx_word' id='word_1_247' title='bbox 355 3422 428 3475; x_wconf 79' lang='lat' dir='ltr'><strong>Pars</strong></span> <span class='ocrx_word' id='word_1_248' title='bbox 438 3421 529 3487; x_wconf 83' lang='lat' dir='ltr'><strong>pedes</strong></span> <span class='ocrx_word' id='word_1_249' title='bbox 543 3419 587 3475; x_wconf 84' lang='lat' dir='ltr'><strong>ire</strong></span> <span class='ocrx_word' id='word_1_250' title='bbox 600 3422 685 3490; x_wconf 88' lang='lat' dir='ltr'><strong>parat</strong></span> <span class='ocrx_word' id='word_1_251' title='bbox 702 3418 818 3491; x_wconf 90' lang='lat' dir='ltr'><strong>campis,</strong></span> <span class='ocrx_word' id='word_1_252' title='bbox 834 3434 905 3491; x_wconf 89' lang='lat' dir='ltr'><strong>pars</strong></span> <span class='ocrx_word' id='word_1_253' title='bbox 920 3414 1030 3475; x_wconf 79' lang='lat' dir='ltr'><strong>arduus</strong></span> <span class='ocrx_word' id='word_1_254' title='bbox 1045 3413 1116 3467; x_wconf 72' lang='lat' dir='ltr'><strong>eltis</strong></span> 
     </span>
     <span class='ocr_line' id='line_1_40' title="bbox 355 3488 1259 3569; baseline -0.002 -25"><span class='ocrx_word' id='word_1_255' title='bbox 355 3494 558 3549; x_wconf 58' lang='lat' dir='ltr'><strong>recrescentes</strong></span> <span class='ocrx_word' id='word_1_256' title='bbox 576 3495 658 3566; x_wconf 87' lang='lat' dir='ltr'><strong>equis</strong></span> <span class='ocrx_word' id='word_1_257' title='bbox 676 3497 767 3569; x_wconf 86' lang='lat' dir='ltr'><strong>furit;</strong></span> <span class='ocrx_word' id='word_1_258' title='bbox 784 3514 890 3557; x_wconf 86' lang='lat' dir='ltr'><strong>omues</strong></span> <span class='ocrx_word' id='word_1_259' title='bbox 908 3510 997 3552; x_wconf 82' lang='lat' dir='ltr'><strong>arma</strong></span> <span class='ocrx_word' id='word_1_260' title='bbox 1010 3489 1186 3561; x_wconf 68' lang='lat' dir='ltr'><strong>ieqeirunt.</strong></span> <span class='ocrx_word' id='word_1_261' title='bbox 1218 3488 1259 3527; x_wconf 59' lang='lat' dir='ltr'><strong>iffi</strong></span> 
     </span>
     <span class='ocr_line' id='line_1_41' title="bbox 355 3567 1080 3648; baseline 0.008 -31"><span class='ocrx_word' id='word_1_262' title='bbox 355 3568 403 3617; x_wconf 74' lang='lat' dir='ltr'><strong>ars</strong></span> <span class='ocrx_word' id='word_1_263' title='bbox 418 3567 491 3621; x_wconf 81' lang='lat' dir='ltr'><strong>ieris</strong></span> <span class='ocrx_word' id='word_1_264' title='bbox 509 3570 617 3639; x_wconf 84' lang='lat' dir='ltr'><strong>clipeos</strong></span> <span class='ocrx_word' id='word_1_265' title='bbox 635 3576 670 3632; x_wconf 80' lang='lat' dir='ltr'><strong>et</strong></span> <span class='ocrx_word' id='word_1_266' title='bbox 688 3576 806 3648; x_wconf 81' lang='lat' dir='ltr'><strong>spicula</strong></span> <span class='ocrx_word' id='word_1_267' title='bbox 823 3576 933 3639; x_wconf 72' lang='lat' dir='ltr'><strong>tudda</strong></span> <span class='ocrx_word' id='word_1_268' title='bbox 945 3571 1080 3643; x_wconf 69' lang='lat' dir='ltr'><strong>tergent.</strong></span> 
     </span>
    </p>
   </div>
   <div class='ocr_carea' id='block_1_2' title="bbox 0 0 1626 4159">
    <p class='ocr_par' dir='ltr' id='par_1_4' title="bbox 0 0 1626 4159">
     <span class='ocr_line' id='line_1_42' title="bbox 0 0 1626 4159; baseline 0 3"><span class='ocrx_word' id='word_1_269' title='bbox 0 0 1626 4159; x_wconf 95' lang='lat' dir='ltr'><strong> </strong></span> 
     </span>
    </p>
   </div>
  </div>
 </body>
</html>
