3242 4159
636 521 935 581 daemomonum.
961 531 1016 581 111.
1213 535 1245 581 65

387 606 462 661 Tum
479 622 545 662 vero
562 602 692 663 ardentes
711 610 782 663 oculi
799 612 885 678 atque
902 613 1038 664 attractus
1055 609 1090 663 ab
1107 608 1164 663 alto
1209 623 1247 664 5o5

388 683 519 752 Spiritus,
537 682 678 757 interdum
696 686 803 754 gemitu
820 687 919 755 gravis,
937 687 1047 756 imaque
1064 686 1169 755 longo·

390 759 447 814 Ilia
464 760 587 828 singultu
605 760 731 828 tendunt,
750 762 774 816 it
790 761 902 817 naribus
920 767 982 816 ater

389 836 515 906 Sanguis,
534 840 564 891 et
582 837 707 891 obsessas
723 838 816 892 fauces
833 839 936 908 premit
951 855 1050 907 aspera
1066 838 1166 907 lingua

389 915 502 968 Profuit
519 914 625 969 inserto
643 915 739 970 latices
757 915 903 969 infundere
921 931 1005 970 cornu

389 991 529 1057 Lenaeos;
551 1007 585 1045 ea
602 991 660 1045 visa
678 992 751 1045 salus
769 991 951 1046 morientibus
969 1009 1038 1058 una;
1210 1006 1247 1048 510

389 1068 460 1121 Mox
477 1070 538 1121 erat
555 1067 607 1121 hoe
622 1067 713 1135 ipsum
731 1067 825 1136 exitio,
843 1068 980 1138 furiisque
998 1068 1100 1123 refecti·

390 1142 546 1210 Ardebant,
564 1142 672 1211 ipsique
690 1160 754 1197 suos
770 1142 826 1197 iam
844 1148 934 1198 morte
952 1144 1003 1197 sub
1021 1160 1139 1213 aegra-

389 1219 428 1273 Di
446 1219 558 1273 meliora
575 1219 628 1289 piis
646 1236 824 1289 erroremque
841 1219 966 1274 hostibus
983 1220 1060 1273 illum
1068 1224 1112 1275 1—

390 1294 528 1350 Diseissos
545 1296 627 1350 nudis
645 1296 786 1350 laniabant
805 1295 935 1349 dentibus
953 1299 1037 1350 artus.
1081 1323 1083 1326 ·

389 1372 462 1426 Eeoe
480 1376 573 1427 sutem
591 1372 661 1426 duro
678 1371 787 1426 fumans
806 1371 858 1424 sub
875 1387 985 1425 vomere
1002 1374 1100 1425 taurus
1209 1387 1247 1427 515

390 1448 519 1502 Concidit
536 1452 566 1503 et
583 1449 700 1504 mixtum
718 1448 822 1517 spumis
840 1448 926 1502 vomit
944 1463 991 1502 ore
1009 1463 1134 1502 eruorem

389 1522 592 1593 Extremusque
609 1523 665 1577 ciet
682 1523 807 1592 gemitus.
845 1525 875 1577 It
892 1523 981 1577 tristis
999 1527 1100 1591 arator,

388 1600 563 1654 Maerentem
581 1599 732 1667 abiungens
748 1599 872 1653 fraterna
889 1604 978 1654 morte
995 1600 1150 1666 iuvencum,

390 1677 488 1744 Atque
506 1692 588 1744 opere
606 1674 634 1728 in
651 1675 742 1728 medio
761 1674 853 1728 defixa
870 1675 1003 1744 relinquit
1020 1679 1121 1729 aratra.

388 1751 416 1805 N
417 1768 453 1818 on
467 1750 582 1805 umbrae
596 1750 716 1803 altorum
730 1766 882 1817 nemorum,
896 1767 950 1804 non
965 1750 1060 1803 mollia
1073 1754 1189 1818 possunt
1209 1765 1246 1805 5ao

388 1827 476 1881 Prata
492 1842 603 1881 movere
621 1825 749 1893 animum,
768 1841 830 1892 non,
850 1825 897 1894 qni
914 1841 965 1894 per
984 1841 1049 1877 saxa
1066 1825 1176 1878 volutus

388 1902 491 1957 Purior
508 1902 611 1957 electro
628 1917 755 1970 eampum
773 1902 846 1970 petit
863 1902 966 1967 amnis;
985 1901 1088 1955 etima

388 1978 540 2033 Solvuntur
557 1978 652 2045 latera,
670 1980 755 2044 atque
773 1978 866 2031 oeulos
882 1981 979 2046 stupor
995 1980 1096 2045 urguet
1113 1977 1218 2045 inertis,

388 2053 439 2109 Ad
456 2058 614 2122 terramque
633 2052 695 2106 fluit
713 2052 819 2107 devexo
835 2053 958 2123 pondere
975 2054 1076 2108 cervix.

388 2130 465 2196 Quid
475 2130 554 2184 labor
565 2132 614 2183 aut
625 2129 770 2184 benefacta
781 2130 894 2185 iuranti
907 2130 975 2200 quid
987 2145 1095 2184 vomere
1108 2132 1199 2184 terras

389 2206 542 2262 Invertisse
559 2206 667 2274 gravisi
688 2205 766 2274 atqui
783 2222 838 2259 non
856 2206 974 2260 Massica
992 2206 1093 2260 Bacchi
1207 2219 1244 2258 555

388 2283 514 2350 Munera,
531 2298 586 2335 non
602 2282 656 2335 illis
674 2282 771 2349 epulae
789 2298 907 2336 nocuere
924 2286 1064 2350 repostae:

388 2357 547 2413 Frondibus
565 2359 594 2410 et
611 2357 686 2410 victu
703 2361 853 2424 pascuntur
869 2357 999 2425 simplicis
1016 2357 1125 2422 herbae,

389 2435 492 2489 Pocula
510 2437 575 2487 sunt
591 2432 681 2486 fontes
699 2432 798 2500 liquidi
817 2436 901 2500 atque
919 2432 1040 2485 exercita
1058 2448 1139 2485 eursu

388 2508 524 2576 Flumina,
542 2524 592 2561 nee
611 2524 718 2561 somnos
736 2507 876 2575 abrumpit
893 2523 958 2560 eura
975 2505 1098 2559 salubris.
1208 2521 1245 2561 555

388 2585 524 2654 Tempore
541 2601 595 2638 non
613 2585 666 2640 alio
685 2584 779 2638 dieunt
797 2582 955 2649 regionibus
972 2581 1025 2635 illis

389 2661 535 2725 Quaesitas
553 2660 589 2713 ad
608 2676 684 2713 saera
701 2660 785 2714 boves
804 2659 926 2726 Iunonis,
945 2661 975 2712 et
992 2658 1050 2712 uris

388 2736 538 2805 Inparibus
556 2736 653 2790 ductos
670 2735 727 2789 alta
743 2735 780 2789 ad
798 2735 911 2789 donaria
928 2751 1032 2790 currus.

387 2811 463 2879 Ergo
480 2827 564 2879 aegre
581 2811 678 2864 rastris
696 2814 799 2864 terram
818 2810 961 2880 rimantur,
979 2813 1008 2865 ot
1026 2810 1093 2880 ipsis

387 2886 535 2954 Unguibus
552 2887 691 2940 infodiunt
708 2886 808 2953 fruges,
827 2886 983 2954 montisque
1001 2904 1051 2954 per
1068 2887 1140 2941 altos
1205 2903 1242 2942 555

387 2962 526 3017 Contenta
544 2963 650 3016 cervice
667 2963 782 3016 trahunt
800 2961 947 3015 stridentia
965 2962 1098 3030 plaustra.

386 3037 414 3091 N
415 3054 451 3091 ou
466 3038 548 3106 lupus
565 3037 679 3091 insidias
697 3039 822 3106 explorat
839 3038 921 3092 ovilia
939 3038 1048 3106 circum,

385 3113 413 3166 N
416 3129 447 3167 eo
463 3113 594 3181 gregibus
612 3116 760 3167 nocturnus
778 3113 952 3180 obambulat3
972 3115 1059 3167 aerior
1075 3111 1153 3166 illum

386 3189 461 3243 Oura
478 3188 587 3255 domat;
608 3189 698 3242 timidi
716 3189 841 3243 dammae
859 3191 987 3260 cervique
1004 3188 1115 3255 fugaces

385 3263 413 3317 N
415 3280 468 3318 uno
485 3264 613 3334 interque
631 3281 711 3319 canes
729 3268 758 3319 et
775 3265 877 3319 circum
895 3268 970 3319 tecta
987 3266 1130 3331 regantur.
1204 3280 1241 3321 555

385 3339 448 3393 Iam
466 3341 550 3395 maris
569 3341 685 3395 inmensi
703 3342 807 3409 prolem
826 3345 855 3395 et
871 3358 956 3409 genus
974 3356 1054 3393 omne
1071 3342 1213 3395 natantum

384 3416 482 3468 Litore
496 3417 525 3469 in
543 3421 674 3485 extreme,
693 3435 744 3473 ceu
763 3419 898 3489 naufraga
914 3434 1041 3489 corpora,
1055 3415 1161 3470 duetus

370 3487 482 3541 Proluit
486 3510 498 3553 ;
514 3493 644 3547 insolitae
662 3496 778 3564 fugiunt
797 3497 831 3553 in
847 3497 969 3553 flumina
985 3500 1108 3570 plausae.

357 3555 466 3613 Interit
484 3568 516 3617 et
531 3570 627 3623 curris
646 3572 762 3633 frustra
779 3576 911 3636 defensa
924 3578 1060 3637 latebris
