3242 4159
381 542 430 589 188
612 535 643 586 P.
661 534 816 585 VERGILI
832 533 1001 585 MARONIS

382 619 447 674 Heu
464 616 576 671 nimium
594 615 631 670 de
647 619 678 671 tc
694 618 779 682 vates,
796 614 911 682 Miseno,
928 614 1021 670 locuta
1038 618 1091 670 est.

382 695 438 748 Vix
456 711 489 747 ea
505 694 579 747 fatus
596 695 664 760 erat,
681 691 805 760 geminae
822 706 883 744 cnm
900 691 973 745 forte
990 690 1134 748 columbae
1198 707 1229 747 ne

383 771 449 839 Ipsa
465 768 516 823 sub
534 785 582 823 ora
598 768 651 822 riri
668 766 742 822 caelo
760 783 861 821 venere
877 766 1009 835 volantes,

382 846 420 901 lit
437 845 519 899 viridi
537 845 634 899 sedere
651 843 715 897 solo.
750 843 821 897 Tum
838 859 981 897 maxumus
998 843 1081 899 heros

383 922 525 976 Maternus
542 920 686 989 adgnoscit
703 935 775 987 aves,
793 918 939 988 laetusque
956 923 1100 988 precatur:

383 998 450 1051 Este
468 996 558 1064 duces,
578 1012 602 1064 o,
620 995 643 1049 si
660 1011 716 1064 qua
732 994 777 1049 via
795 998 845 1060 est,
863 1011 1025 1064 cursumque
1042 1012 1095 1065 per
1112 1013 1195 1053 auras

383 1072 502 1141 Dirigite
519 1073 548 1125 in
565 1071 646 1138 lucos,
665 1070 714 1124 ubi
731 1070 861 1139 pinguem
880 1071 958 1125 dives
975 1074 1074 1141 opacat
1202 1089 1239 1129 us

383 1149 486 1203 Remus
503 1148 622 1201 humum.
660 1146 763 1215 Tuque,
780 1163 805 1215 o,
822 1146 913 1200 dubiis
930 1164 966 1201 ne
984 1146 1072 1203 defice
1089 1148 1183 1217 rebus,

383 1224 454 1278 Diva
470 1240 576 1293 parcns.
613 1223 657 1277 Sic
675 1223 772 1277 effatus
789 1222 906 1291 vmtigia
922 1223 1031 1292 pressit,

383 1299 545 1369 Observans,
564 1316 635 1369 quae
653 1299 730 1367 signa
746 1299 845 1366 ferant,
863 1315 917 1366 quo
934 1299 1051 1354 tendere
1066 1304 1195 1367 pergant.

384 1376 531 1431 Pascentes
549 1376 612 1430 illae
629 1379 737 1430 tantum
755 1375 867 1444 prodire
885 1374 1008 1445 volando,

384 1452 522 1517 Quantum
540 1452 598 1506 acie
615 1454 728 1520 possent
746 1450 816 1503 oculi
834 1466 943 1504 servare
960 1454 1134 1519 sequentum.
1203 1449 1241 1516 noe

384 1528 455 1582 Inde
471 1528 519 1581 ubi
536 1544 636 1581 venere
654 1526 691 1579 ad
707 1527 799 1580 fauces
816 1526 1002 1594 graveolentis
1019 1527 1134 1593 Averni,

382 1602 492 1657 Tollunt
510 1620 539 1656 se
557 1603 667 1669 celeres,
686 1602 875 1671 liquidumque
892 1618 942 1671 per
959 1618 1024 1656 acra
1040 1601 1136 1671 lapsae

383 1677 500 1733 Sedibus
518 1678 619 1747 optatis
636 1678 760 1745 geminae
780 1694 863 1746 super
880 1676 977 1732 arbore
994 1677 1099 1745 sidunt,

383 1754 507 1809 Discolor
524 1754 598 1809 unde
616 1754 675 1808 auri
691 1770 742 1823 per
760 1760 850 1807 ramos
869 1770 935 1807 aura
952 1753 1068 1807 refulsit.

383 1830 469 1895 Quale
486 1830 556 1885 solet
574 1831 647 1884 silvis
665 1829 783 1884 brumali
801 1829 906 1897 frigore
923 1828 1027 1883 viscum
1203 1844 1242 1883 roa

383 1906 493 1960 Fronde
510 1908 599 1968 virere
617 1922 693 1972 nova,
712 1906 786 1975 qued
803 1921 858 1959 non
877 1922 927 1959 sua
944 1905 1061 1959 seminat
1076 1902 1170 1972 arbos,

383 1981 421 2035 Et
438 1998 532 2035 croceo
549 1984 609 2036 fetu
627 1982 724 2037 teretis
742 1982 912 2035 circumdare
929 1984 1065 2044 tnmcoszl

381 2056 455 2110 Talis
473 2060 533 2111 crat
551 2057 656 2125 specics
673 2056 734 2110 auri
752 2057 907 2111 frondentis
924 2072 1009 2125 opaca

383 2132 458 2200 llice,
475 2133 513 2185 sic
531 2131 585 2185 leni
602 2132 757 2200 crepitabat
775 2131 887 2187 bractea
904 2134 994 2187 vento.

383 2208 503 2276 Corripit
521 2208 632 2260 Aeneas
650 2207 787 2275 extemplo
806 2208 957 2277 avidusque
974 2205 1103 2276 refringit
1204 2221 1243 2261 aro

382 2284 570 2351 Oimctantem
588 2286 617 2337 ot
634 2282 705 2337 vatis
722 2286 817 2351 portat
834 2284 886 2338 sub
904 2287 979 2339 tecta
996 2283 1124 2352 Sibyllae.

417 2360 476 2415 Nec
494 2360 584 2414 minus
601 2360 708 2414 interea
725 2360 862 2415 Misenum
881 2360 910 2413 in
926 2360 1007 2413 litore
1025 2358 1122 2413 Teucri

382 2435 507 2505 Flebant,
526 2441 555 2492 et
573 2437 658 2491 cineri
675 2436 783 2506 ingrato
802 2452 929 2504 suprema
946 2434 1078 2489 ferebant

383 2513 519 2582 Principio
536 2514 665 2583 pinguem
684 2513 774 2567 taedis
792 2516 821 2567 et
839 2512 937 2565 robore
955 2514 1030 2565 secto

382 2588 528 2659 Ingentem
545 2593 673 2644 struxere
690 2606 793 2659 pyram,
810 2588 854 2642 cui
872 2586 1016 2641 frondibus
1032 2585 1101 2641 atris
1205 2600 1243 2641 ars

383 2664 516 2719 Intexunt
533 2664 629 2732 latera,
648 2668 678 2719 et
695 2666 787 2718 feralis
806 2668 870 2719 ante
888 2678 1030 2733 cupressos

382 2738 567 2806 Gonstituunt
586 2739 772 2808 decorantque
791 2757 874 2808 super
891 2737 1060 2808 fulgentibus
1077 2741 1167 2794 arnna

383 2814 452 2868 Pars
468 2812 572 2867 calidos
589 2814 683 2867 latices
702 2818 731 2868 et
749 2831 819 2869 aena
836 2815 969 2869 undantia
986 2814 1102 2867 fiammis

383 2889 549 2960 Expediunt,
568 2905 720 2958 corpusque
739 2890 831 2946 lavant
848 2891 974 2960 frigentia
992 2893 1021 2944 et
1038 2892 1171 2957 unguent

383 2966 431 3021 Fit
449 2966 574 3035 gemitus
611 2966 680 3020 Tum
698 2966 823 3021 membra
841 2971 902 3021 toro
920 2967 1022 3021 defleta
1038 2968 1185 3031 reponunt,
1205 2980 1243 3020 nae

383 3042 596 3113 Purpureusque
614 3053 697 3111 s'uper
715 3046 814 3110 vestes,
833 3043 966 3097 velamina
983 3044 1056 3108 nota,

383 3119 545 3175 Goniiciunt.
566 3120 650 3175 ·Pars
668 3119 774 3187 ingenti
791 3119 901 3173 subiere
920 3118 1032 3184 feretro,

385 3195 476 3251 Triste
493 3196 683 3265 ministerium,
702 3199 731 3250 et
748 3195 899 3249 subiectam
916 3210 994 3247 more
1010 3196 1158 3259 parentum

384 3272 485 3326 Averni
502 3277 617 3327 tenuere
634 3273 729 3327 facem.
767 3271 905 3339 Congesta
921 3271 1079 3325 cremantur

384 3346 473 3401 Turea
490 3348 569 3414 dona,
588 3348 679 3415 dapes,
697 3348 758 3402 fllso
776 3350 899 3401 crateres
916 3345 994 3399 olivo.
1204 3357 1245 3399 22⁵

382 3420 532 3491 Postquam
550 3423 669 3495 conlapsi
687 3423 794 3479 cinnes
812 3425 843 3477 et
858 3421 972 3476 minna
987 3418 1105 3487 quieuit,

362 3492 511 3566 Reliquas
528 3502 594 3559 rino
612 3507 646 3561 et
666 3501 795 3560 bibulam
813 3501 913 3557 lasere
928 3494 1065 3558 nimam

347 3566 481 3645 quzre
496 3580 580 3640 lecta
596 3582 675 3640 cado
694 3581 778 3640 texit
798 3579 973 3647 Corynaeus
990 3580 1075 3622 aem·
