3242 4159
387 525 436 572 000
622 490 827 572 auream
844 521 1012 573 unacum

387 602 530 657 Musaeum
547 606 613 659 ante
631 602 732 667 omnis;
754 602 876 655 medium
893 620 958 657 nam
975 604 1096 675 plurima
1113 608 1201 665 turba

388 680 469 733 Hunc
486 680 578 749 habet,
596 683 679 748 atque
697 679 818 732 humeris
835 682 991 734 exstantem
1009 684 1127 753 suspicit
1137 686 1224 742 altis:

387 755 487 823 Dicite,
504 756 598 811 felices
617 756 732 823 animae,
749 757 844 823 tuque,
862 758 975 826 optume
992 762 1079 828 vates,

388 831 464 896 Quae
476 833 553 899 regio
566 833 714 897 Anchisen,
727 831 787 898 quis
800 830 886 885 habet
897 832 991 888 locust
1009 834 1083 888 illius
1094 852 1165 907 ergo
1211 854 1247 893 oro

386 908 519 962 Venimus
537 912 567 963 et
585 923 697 976 magnos
716 906 799 960 Erebi
819 909 988 963 tranavimus
1005 912 1103 968 amnis.

387 986 482 1052 Atque
501 985 563 1039 huic
580 1000 743 1053 responsum
761 984 856 1052 paucis
876 984 916 1037 ita
934 985 1059 1041 reddidit
1075 987 1176 1045 heros:

387 1060 463 1113 Nulli
481 1064 557 1115 certa
575 1060 687 1124 domus;
709 1059 780 1113 lucis
797 1059 955 1114 habitamus
973 1062 1072 1131 opacis,

386 1136 574 1206 Riparumque
590 1141 667 1191 toros
685 1140 715 1190 et
732 1139 814 1205 prata
832 1137 953 1191 recentia
971 1137 1037 1191 rivis

387 1212 539 1267 Incolimus.
576 1213 633 1267 Sed
650 1228 706 1281 vos,
725 1213 749 1265 si
766 1212 822 1266 fert
839 1213 879 1265 ita
896 1213 979 1267 corde
996 1213 1133 1282 voluntas,
1209 1232 1246 1273 070

387 1288 448 1343 Ηο0
466 1293 594 1357 superate
612 1289 723 1357 iugum
748 1292 777 1342 et
793 1288 867 1341 facili
885 1288 940 1341 iam
957 1290 1071 1344 mamito
1089 1292 1195 1348 sistam

386 1363 471 1434 Dixit,
490 1369 519 1419 et
536 1370 602 1420 ante
620 1365 686 1419 tulit
703 1380 836 1433 gressum,
855 1380 1020 1433 camposque
1037 1368 1157 1421 nitentis

385 1439 511 1509 Desuper
529 1445 665 1506 ostentat;
689 1441 788 1495 dehine
806 1442 1070 1495 summa'cacumina
1087 1443 1225 1513 linquunt
1254 1487 1256 1494 ,

421 1519 462 1571 At
480 1520 560 1584 pater
578 1517 713 1571 Anchises
732 1516 842 1584 penitus
862 1516 983 1570 convalle
1000 1518 1100 1571 virenti

386 1592 509 1647 Inclusas
527 1594 633 1646 animas
648 1608 834 1661 superumque
852 1592 888 1644 ad
906 1596 998 1646 lumen
1016 1593 1104 1647 ituras
1208 1611 1245 1649 eo

385 1667 536 1723 Lustrabat
553 1669 645 1723 studio
663 1668 792 1735 recolens,
811 1684 975 1737 omnemque
993 1685 1105 1723 suorum

385 1744 469 1799 Forte
487 1746 647 1800 recensebat
666 1761 810 1798 numerum
831 1760 962 1812 carosque
979 1749 1103 1813 nepotes,
1130 1773 1134 1782 ι

385 1818 510 1890 Fataque
528 1822 706 1891 fortunasque
727 1821 815 1874 virum
835 1836 981 1888 moresque
998 1836 1159 1890 manusque.

385 1894 469 1964 Isque
486 1897 534 1950 ubi
550 1898 710 1951 tendentem
730 1897 876 1951 adversum
894 1913 945 1965 per
962 1897 1088 1965 gramina
1105 1898 1180 1953 vidit

384 1972 505 2038 Aenean,
524 1974 620 2026 alacris
638 1973 742 2042 palmas
761 1977 894 2041 utrasque
912 1972 1042 2041 tetendit,
1204 1990 1243 2029 oes

383 2047 547 2116 Effusaeque
564 2050 641 2116 genis
660 2049 794 2115 lacrimae,
814 2052 844 2102 et
861 2065 914 2102 vox
934 2048 1036 2103 excidit
1053 2066 1116 2107 ore:

383 2122 490 2176 Venisti
508 2123 629 2190 tandem,
648 2129 750 2192 tuaque
768 2127 928 2193 exspectata
945 2125 1055 2194 parenti

383 2198 456 2252 Vicit
474 2199 528 2252 iter
546 2199 644 2253 durum
663 2200 769 2267 pietasl
795 2200 878 2253 datur
896 2218 945 2254 ora
962 2201 1044 2270 tueri,

382 2273 408 2326 N
410 2278 463 2343 ote,
480 2277 535 2342 tua,
555 2278 583 2329 et
602 2280 681 2329 notas
699 2275 795 2329 audire
815 2281 844 2330 et
862 2276 980 2330 reddere
999 2278 1097 2332 voccsl

382 2350 427 2404 Sic
446 2352 574 2421 equidem
592 2351 725 2406 ducebam
743 2352 833 2405 animo
852 2353 989 2421 rebarque
1007 2354 1138 2423 futurum,
1206 2374 1243 2413 me

382 2426 515 2497 Tempora
533 2428 714 2497 dinumerans,
732 2446 784 2483 nec
801 2446 846 2483 mo
866 2446 927 2483 mea
946 2446 1011 2482 cura
1028 2430 1132 2485 fefellit

383 2504 456 2568 Quas
474 2522 525 2573 ego
543 2509 572 2559 te
589 2509 678 2560 terras
697 2510 726 2560 et
744 2509 848 2575 quanta
866 2522 917 2574 per
937 2522 1057 2575 aequora
1074 2510 1187 2562 vectum

382 2582 509 2650 Accipio!
536 2584 643 2651 quantis
662 2586 800 2648 iactatum,
820 2586 893 2649 nate,
910 2580 1032 2651 periclis!

382 2655 470 2718 Quam
487 2658 580 2725 metui,
598 2675 632 2711 ne
651 2658 719 2727 quid
738 2658 840 2726 Libyae
858 2658 911 2712 tibi
929 2675 1015 2726 regna
1032 2663 1179 2715 nocerent!

382 2730 434 2784 llle
451 2736 558 2786 autem:
583 2733 640 2786 Tua
657 2751 709 2801 me,
728 2735 845 2801 genitor,
865 2738 914 2788 tua
935 2735 1023 2788 tristis
1040 2734 1139 2803 imago,
1204 2753 1241 2792 oee

381 2806 495 2877 Saepius
512 2824 662 2877 occurrens,
680 2809 748 2862 haec
766 2810 862 2864 limina
880 2811 997 2865 tendere
1015 2811 1125 2878 adegit;

381 2882 463 2937 Stant
481 2884 536 2938 sale
555 2884 693 2953 Tyrrheno
712 2887 818 2940 classes.
858 2888 903 2943 Da
920 2888 1033 2956 iungere
1051 2887 1190 2958 dextram,

381 2959 431 3028 Da,
448 2963 563 3030 genitor,
583 2966 666 3032 teque
686 2964 814 3031 amplexu
832 2982 868 3019 ne
888 2964 1019 3018 subtrahe
1036 2968 1139 3019 nostro.
1168 2991 1174 3002 ·

381 3034 426 3089 Sic
443 3055 597 3093 memorans
614 3041 691 3109 largo
709 3040 777 3093 fletu
796 3042 876 3095 simul
896 3058 944 3094 ora
961 3041 1077 3108 rigabat
1240 3094 1243 3099 .

381 3111 434 3167 'l'er
451 3119 564 3170 conatus
581 3117 620 3170 ibi
639 3118 706 3171 collo
726 3117 793 3171 dare
813 3117 940 3171 bracchia
959 3118 1069 3186 circum,
1117 3144 1123 3156 ·
1204 3133 1243 3173 roo

381 3188 435 3243 'l'er
451 3192 554 3246 frustra
572 3210 721 3263 conprensa
739 3210 837 3247 manus
857 3194 954 3262 effugit
971 3194 1069 3263 imago,

381 3262 436 3318 Par
453 3266 558 3322 levibus
576 3270 665 3323 ventis
684 3270 842 3339 volucrique
863 3270 998 3323 simillima
1017 3286 1119 3325 somno.

416 3342 527 3396 Interea
545 3345 622 3399 videt
643 3348 749 3399 Aeneas
766 3347 794 3399 in
811 3346 882 3401 valle
901 3348 1015 3401 reducta

370 3414 513 3473 Scelusum
531 3438 631 3477 nemus
650 3426 679 3479 et
698 3423 824 3493 virgulta
841 3423 970 3478 sonantia
986 3423 1070 3483 siluis,

350 3486 580 3572 Lethaeamque,
600 3502 706 3559 domos
726 3500 858 3575 placidas
877 3501 931 3570 qui
945 3495 1112 3568 praemetet,
1125 3506 1248 3541 mm

344 3557 425 3625 Hune
441 3575 558 3636 circum
577 3580 764 3641 innumerae
782 3582 896 3652 gentes
913 3570 1075 3643 uowffiulffi
1091 3561 1253 3616 ¹¹⁰3th

477 3695 540 3705 *-
