3242 4159
387 523 417 571 74
621 516 650 568 P.
669 516 822 566 vnnornr
840 505 1005 567 nasonis

385 600 514 654 Proderit
531 603 560 654 et
577 602 689 655 tunsum
706 600 794 666 gallae
813 600 964 654 admiscere
984 617 1109 669 saporem

385 677 553 745 Arentisque
570 692 654 740 rosae,
673 679 720 727 aut
737 675 792 741 igni
811 676 921 743 pinguia
938 675 1025 730 multo

384 751 508 818 Defruta,
526 751 570 804 vel
589 751 694 804 Psithia
711 768 804 819 passos
823 752 858 804 de
877 752 933 804 rite
952 769 1073 807 racemos

384 826 600 895 Cecropiumque
617 827 739 894 thpnum
758 831 787 880 et
804 845 887 895 grave
907 828 1008 882 olentia
1026 833 1182 886 centaurea
1206 849 1245 890 rao

384 903 436 957 nst
451 903 537 956 etiam
555 903 604 957 fles
622 903 650 955 in
668 905 762 972 pratis,
781 906 823 958 cui
841 922 940 958 nomen
959 906 1056 960 amello

384 981 487 1034 Fecere
505 980 645 1047 agricolae,
664 980 750 1034 facilis
768 981 963 1048 quaerentibus
983 982 1080 1049 herba;

383 1056 510 1126 Namque
527 1073 581 1110 uno
599 1057 738 1125 ingentem
756 1058 830 1111 tollit
848 1058 883 1111 de
903 1059 1024 1126 caespite
1042 1060 1146 1129 silvam,

384 1134 493 1187 Aureus
510 1134 577 1203 ipse,
596 1134 691 1187 sedin
709 1135 787 1202 foliis,
807 1153 878 1204 quac
896 1135 1015 1203 plurima
1033 1137 1135 1191 circum

383 1210 554 1280 Funduntur,
573 1211 659 1265 violae
678 1211 802 1265 sublucet
820 1229 940 1279 purpura
958 1213 1052 1280 nigrae
1058 1233 1065 1279 ;
1206 1230 1244 1269 275

383 1288 470 1357 Saepe
488 1289 570 1343 deum
588 1290 666 1343 nexis
684 1293 796 1344 ornatae
814 1289 957 1356 torquibus
975 1306 1054 1356 arac;

383 1365 474 1435 Asper
492 1366 520 1418 in
538 1383 586 1422 ore
604 1384 698 1435 sapor3
716 1353 802 1418 tonsis
820 1366 848 1418 in
867 1364 982 1419 vallibus
999 1366 1074 1420 illum

383 1440 510 1495 Pastores
528 1446 557 1495 ct
575 1459 657 1495 curra
674 1443 769 1509 legunt
787 1458 873 1511 prope
892 1442 1003 1495 flumina
1022 1442 1129 1498 Mellae.

383 1517 473 1571 Huius
491 1518 605 1571 odorato
623 1518 729 1571 radices
747 1518 863 1587 incoque
881 1517 995 1586 Baccho,

383 1593 540 1663 Pabulaque
557 1594 586 1646 iu
603 1594 706 1647 foribus
724 1593 811 1662 plenis
830 1594 939 1663 adpone
958 1595 1091 1651 canistris
1204 1612 1242 1651 aso
1257 1589 1283 1646 λ

417 1670 473 1726 Sed
490 1672 513 1725 si
532 1688 614 1740 quem
631 1670 722 1739 proles
740 1670 832 1723 subito
852 1670 988 1724 deiecerit
1005 1672 1099 1741 omnis,
1220 1646 1289 1722 Δ

382 1747 447 1816 Nec,
465 1764 551 1817 genus
568 1748 643 1801 unde
660 1763 745 1801 novae
763 1747 857 1815 stirpis
875 1751 1029 1817 revocetur,
1046 1747 1176 1814 habebit3
1216 1797 1218 1802 .

382 1824 501 1894 Tempus
518 1828 548 1879 et
567 1823 679 1878 Arcadii
698 1823 875 1877 memoranda
892 1824 1007 1879 inventa
1024 1825 1149 1894 magistri

383 1901 515 1970 Pandere,
534 1900 740 1970 quoquomodo
759 1900 845 1953 caesis
862 1900 917 1953 iam
937 1917 1019 1969 saepe
1037 1902 1158 1956 iuvencis

383 1978 538 2031 Insincerus
556 1994 621 2046 apes
638 1976 734 2030 tulerit
752 1993 839 2029 cruor.
879 1976 971 2030 Altius
990 1995 1098 2032 omnem
1204 1986 1245 2032 28⁵⁴

383 2053 535 2123 Expediam
553 2055 640 2122 prima
658 2052 840 2121 repetens'ab
860 2054 965 2120 origine
983 2054 1090 2109 famam.

383 2131 454 2183 Nam
472 2146 527 2200 qua
546 2129 647 2183 Pellaei
664 2147 731 2197 gens
748 2129 889 2183 fortunata
908 2130 1010 2199 Canopi

384 2206 490 2261 Accolit
508 2206 593 2261 effuso
611 2209 785 2273 stagnantem
803 2206 914 2260 flumine
933 2206 1026 2260 Nilum

383 2281 420 2336 Et
438 2282 539 2337 circum
558 2284 637 2351 pictis
654 2282 763 2347 vehitur
781 2298 830 2335 sua
847 2299 913 2335 rura
930 2281 1057 2350 phaselis

385 2360 498 2429 Quaque
516 2358 691 2429 pharetratae
709 2359 807 2412 vicinia
826 2358 949 2415 Bersidis
967 2359 1075 2426 urguet,
1204 2373 1244 2412 ano

384 2434 421 2492 Et
439 2437 546 2491 diversa
564 2454 645 2490 ruens
663 2440 769 2505 septem
788 2435 919 2489 discurrit
936 2434 964 2487 in
983 2450 1030 2487 ora

384 2513 423 2569 Et
439 2514 554 2567 viridem
574 2515 730 2582 Aegyptum
748 2512 827 2579 nigra
844 2510 975 2565 fecundat
993 2527 1075 2566 arona

384 2590 479 2662 Usque
497 2591 623 2644 coloratis
641 2589 727 2643 amnis
746 2588 867 2641 devexus
885 2587 920 2641 ab
940 2586 1024 2651 Indis,

385 2668 480 2722 Omnis
496 2668 525 2720 in
543 2667 594 2719 hac
611 2670 714 2719 certam
733 2666 807 2731 regio
826 2665 890 2717 iacit
908 2667 969 2716 arte
989 2664 1111 2717 salutem.

385 2743 507 2811 Exiguus
524 2743 642 2811 primum
660 2745 743 2811 atque
761 2743 835 2810 ipsos
852 2745 1011 2794 contractus
1029 2740 1064 2793 ad
1081 2756 1148 2793 usus
1206 2756 1245 2795 aas

385 2820 503 2887 Eligitur
519 2818 594 2884 locus
603 2840 610 2885 ;
626 2819 698 2872 hunc
716 2818 881 2887 angustique
900 2817 1015 2870 imbrice
1033 2816 1100 2870 tecti

385 2895 595 2964 Parietibusque
613 2898 741 2963 premunt
758 2896 833 2961 artis,
853 2898 883 2949 et
902 2897 1035 2964 quattuor
1052 2892 1169 2959 addunt,

387 2974 523 3039 Quattuor
539 2989 556 3026 a
573 2972 668 3039 reatin,
687 2972 797 3042 obliqua
816 2971 876 3026 luce
894 2972 1036 3025 fenestras.

386 3052 454 3106 Tum
472 3051 573 3106 vitulus
591 3048 665 3102 bima
682 3065 796 3102 curvans
815 3050 869 3101 iam
889 3065 992 3101 cornua
1009 3046 1102 3100 fronte

388 3130 547 3194 Quaeritur3
567 3128 631 3181 huic
648 3127 770 3195 geminae
789 3142 869 3179 nares
888 3129 916 3178 ct
936 3124 1047 3193 spiritus
1065 3121 1120 3176 oris
1208 3135 1247 3176 auo

387 3203 476 3260 Motu
493 3204 639 3260 reluctanti
657 3203 815 3269 obstruitur,
832 3202 976 3271 plagisque
995 3201 1139 3270 perempto

388 3279 478 3334 'Pansa
494 3299 545 3350 per
562 3283 697 3350 integram
716 3280 858 3335 solvuntur
876 3280 980 3333 viscera
1000 3276 1107 3347 pellem

385 3356 431 3411 Sic
442 3358 567 3424 positum
584 3359 613 3412 in
631 3359 722 3413 clauso
739 3358 875 3427 linquunt,
896 3360 924 3409 et
943 3372 1037 3410 ramea
1055 3352 1139 3408 costis

363 3429 529 3486 antumant
544 3434 715 3505 fragmenta,
733 3435 864 3506 thymum
882 3434 1028 3500 casiasque
1043 3429 1174 3481 reeen’iis„

344 3500 417 3555 HOC
422 3507 554 3578 ἕθήΰῑῖϊ,
567 3512 715 3586 Zephyris
727 3516 861 3590 primum
872 3507 1082 3581 inpellentibus
1090 3500 1197 3565 unbffis
1229 3512 1273 3551 ‘W‘

344 3571 416 3629 iate
435 3586 527 3640 noris
544 3589 683 3650 rubeant
704 3612 802 3667 quam
820 3594 913 3667 prata
929 3583 1089 3645 coloribus,
1103 3577 1175 3628 me
