3242 4159
653 525 860 577 GEORGIOON
877 526 947 577 LIB.
965 527 989 577 I.
1217 536 1249 580 29

395 606 426 662 Si
445 606 579 677 superant
595 605 677 675 fetus,
693 607 799 675 pariter
815 608 952 662 frumenta
969 614 1126 679 sequentur,

393 682 554 752 Magnaque
570 698 633 736 eum
650 699 750 750 magno
766 684 858 737 veniet
874 684 976 738 tritura
991 686 1096 753 ealore;
1212 704 1250 744 rao

394 760 438 812 At
457 759 480 811 si
498 758 606 811 luxuria
622 758 748 812 foliorum
765 760 899 814 exuberat
916 761 1020 831 umbra,

393 833 569 902 Nequiquam
587 834 696 903 pinguis
713 835 793 903 palea
810 838 884 890 teret
902 853 967 892 area
983 840 1095 895 culmos.

393 910 506 964 Semina
523 909 580 963 vidi
597 909 725 979 equidem
744 910 845 965 multos
862 913 1000 970 medicare
1016 917 1133 971 serentis
1151 941 1153 945 ·

392 984 432 1056 lit
450 986 524 1040 nitro
541 985 618 1055 prius
635 988 665 1039 et
681 986 760 1054 nigra
776 988 943 1056 perfundere
960 1008 1080 1061 amurga,

392 1062 532 1118 Gmndior
547 1065 581 1116 ut
597 1062 670 1116 fetus
688 1063 791 1131 siliquis
808 1063 949 1119 fallacibus
966 1070 1048 1135 esset,
1214 1084 1250 1125 ros

391 1138 440 1206 Et,
459 1138 581 1207 quamvis
598 1138 655 1207 igni
672 1139 779 1208 exiguo,
796 1145 944 1209 properata
961 1143 1112 1200 maderent.

390 1213 461 1268 Vidi
477 1214 550 1269 lecta
568 1213 616 1267 diu
633 1217 664 1268 et
680 1215 767 1269 multo
786 1220 912 1285 spectata
928 1218 1022 1275 labore

390 1290 571 1359 Degenerare
582 1294 690 1359 tamen,
707 1291 737 1345 ni
753 1292 794 1346 vis
812 1292 930 1346 hnmana
947 1299 1015 1363 quot
1032 1296 1109 1348 annm

391 1366 526 1420 Maxuma
545 1382 669 1435 quaeque
686 1384 769 1422 manu
786 1367 902 1435 legeret.
939 1370 984 1424 Sic
1001 1371 1090 1424 omnia
1106 1371 1171 1425 fatis

390 1442 428 1495 In
446 1442 525 1510 peius
543 1458 632 1511 ruere,
649 1459 682 1497 ac
698 1447 774 1497 retro
792 1443 920 1513 sublapsa
937 1446 1048 1512 referri3
1210 1461 1248 1499 eoo

389 1518 455 1571 Non
474 1518 562 1586 aliter,
580 1535 661 1588 quam
678 1520 726 1587 qui
742 1520 859 1574 adverso
876 1522 922 1574 vix
940 1520 1049 1576 flumine
1067 1522 1188 1576 lembum

390 1594 526 1661 Remigiis
546 1594 654 1662 subigit,
673 1596 697 1648 si
713 1594 839 1649 bracchia
856 1596 928 1651 forte
945 1599 1059 1667 remisit,
1110 1654 1112 1659 ,

390 1671 488 1737 Atque
505 1669 582 1725 illum
598 1670 627 1724 in
644 1688 775 1740 praeceps
793 1689 879 1741 prono
896 1674 969 1740 rapit
986 1674 1079 1728 alveus
1096 1675 1176 1728 amni.

429 1745 579 1801 Praeterea
596 1749 655 1802 tam
673 1751 737 1802 sunt
755 1748 870 1801 Arcturi
888 1749 978 1801 sidera
996 1749 1073 1802 nobis

390 1820 609 1891 Haedorumque
628 1822 687 1878 dies
705 1822 832 1877 servandi
849 1826 879 1877 et
894 1823 1000 1877 lircidus
1017 1824 1132 1892 Anguis,
1209 1839 1247 1880 sos

391 1897 481 1962 Quam
500 1898 598 1967 quibus
614 1900 643 1953 in
660 1899 779 1969 patriam
796 1902 911 1953 ventosa
927 1916 978 1968 per
995 1915 1114 1967 aequora
1131 1900 1217 1955 vectis

391 1972 499 2027 Pontus
518 1977 547 2028 et
564 1974 684 2029 ostriferi
701 1976 793 2029 fauces
811 1977 985 2042 temptantur
1003 1975 1103 2045 Abydi.

389 2048 477 2103 Libra
495 2048 540 2104 die
557 2051 699 2120 somnique
716 2067 797 2120 pares
814 2050 861 2104 ubi
879 2051 976 2105 fecerit
994 2050 1084 2121 hores,

388 2124 429 2178 lit
446 2126 568 2180 medium
585 2126 639 2181 luci
655 2129 739 2195 atque
756 2126 932 2182 umbrisffiam
951 2127 1050 2181 dividit
1067 2127 1171 2195 orbem,

388 2201 535 2270 uxamae,
554 2202 612 2270 viri,
630 2206 730 2268 tauros,
749 2202 833 2256 serite
850 2201 954 2256 hordea
974 2203 1084 2271 campis,
1208 2217 1246 2256 aro

389 2276 488 2347 Usque
506 2277 558 2332 sub
576 2282 729 2333 extremum
747 2277 860 2331 brumae
877 2277 1058 2332 intractabilis
1074 2278 1204 2340 imbrom;

388 2351 450 2407 Nec
468 2369 522 2407 non
540 2356 570 2408 et
587 2354 635 2408 lini
653 2357 775 2421 segetem
793 2356 824 2407 et
842 2353 955 2407 Cereale
972 2369 1091 2421 papaver
1217 2421 1220 2429 Ι

387 2428 510 2498 Tempus
521 2430 604 2484 humo
616 2433 721 2498 tegere,
734 2433 763 2484 et
774 2428 933 2483 iamdudum
945 2429 1101 2481 incumbere
1112 2428 1220 2495 aratris,

387 2505 464 2558 Dum
482 2506 552 2559 sicca
569 2506 668 2561 tellure
685 2506 757 2572 licet,
777 2505 843 2558 dum
859 2503 954 2558 nubila
970 2503 1098 2571 pondent.

387 2581 465 2635 Vere
483 2582 552 2656 [abis
571 2583 656 2649 satio;
674 2585 734 2636 tum
752 2584 782 2635 te
800 2596 916 2649 quoque,
935 2578 1051 2645 Medica,
1067 2580 1164 2647 putres
1207 2594 1244 2633 215

388 2657 539 2727 Accipiunt
557 2659 630 2724 sulci,
650 2662 679 2713 et
697 2658 771 2712 milio
788 2657 865 2711 venit
882 2671 972 2709 annua
988 2672 1062 2722 cura,

347 2757 369 2798 0
388 2733 529 2788 Candidus
547 2736 650 2789 auratis
667 2735 757 2803 aperit
774 2750 837 2787 cum
853 2730 980 2786 cornibus
998 2748 1097 2785 annum

387 2808 502 2877 Taurus,
522 2813 551 2864 et
569 2810 684 2864 adverso
703 2810 807 2864 cedens.
822 2807 903 2862 Oanis
921 2808 1020 2862 occidit
1037 2811 1118 2861 astro.

387 2886 430 2941 At
448 2884 471 2938 si
489 2886 626 2939 triticeam
642 2886 671 2939 in
689 2901 806 2939 messem
824 2884 991 2954 robustaque
1008 2885 1082 2938 farra

385 2961 537 3016 Exercebis
554 2961 667 3016 humum
686 2961 803 3028 solisque
821 2958 936 3013 instabis
954 2960 1053 3027 aristis,
1207 2971 1244 3010 aao

387 3038 464 3093 Ante
482 3038 534 3092 tibi
553 3038 628 3093 ane
647 3036 806 3092 Atlantides
823 3035 1028 3091 abscondantur

352 3155 358 3167 .
386 3114 543 3183 Gnosiaque
560 3113 684 3169 ardentis
703 3113 821 3167 decedat
839 3111 920 3165 stella
938 3111 1067 3176 Coronae,

385 3185 490 3246 Debita
507 3208 590 3259 quam
608 3191 687 3245 sulcis
706 3189 861 3245 committas
879 3189 989 3253 semina,
1008 3197 1143 3253 quamque

386 3266 496 3322 Invitae
514 3284 646 3337 pmperes
665 3268 728 3320 anni
746 3283 824 3335 spem
842 3264 956 3319 credere
973 3267 1072 3316 terrae.

383 3341 470 3397 Multi
487 3346 553 3397 anto
571 3360 695 3397 occasum
714 3342 806 3397 Maiae
825 3357 959 3412 coepere,
977 3336 1031 3392 scu
1042 3334 1108 3390 illos
1207 3348 1249 3387 ‘tlt

376 3419 544 3482 Exspectata
562 3434 651 3488 seges
667 3420 745 3475 vanis
764 3420 851 3477 elusit
869 3419 977 3475 aristis.

359 3489 395 3537 Si
411 3504 477 3539 reto
497 3489 652 3574 rimamque
672 3512 756 3554 seres
773 3500 927 3571 vilemque
944 3493 1107 3571 phaselum

345 3557 413 3610 N⁶⁰
428 3559 595 3621 Pelusiacae
613 3584 718 3630 curam
739 3577 958 3649 aspernabere
977 3572 1089 3640 lenus,
