3242 4159
382 523 414 572 50
616 521 645 569 P.
664 520 1001 581 VERGILIMAROMS

385 601 457 654 Alba
475 618 564 669 neque
585 600 698 668 Assyrio
714 602 826 660 ¹fucatur
844 600 907 653 lana
923 618 1036 669 veneno,
1207 619 1241 660 aa

385 677 443 731 Nec
460 678 532 729 casia
551 676 647 745 liquidi
664 677 851 744 corrumpitur
868 693 934 729 usus
952 678 1030 733 olivi:

386 755 426 806 At
443 769 540 806 secura
557 754 634 821 quies
653 756 682 806 et
700 753 791 806 nescia
808 753 905 806 fallere
924 754 987 817 rita,

384 828 468 882 Dives
485 846 568 897 opum
586 830 730 894 variarum,
749 832 779 882 at
796 828 860 881 latis
879 829 936 883 otia
953 830 1053 897 fundis,

385 904 543 973 Speluncae,
562 904 671 973 virique
688 905 770 971 lacus,
789 908 820 958 at
837 904 939 971 frigida
957 904 1067 976 Tempe,

385 981 563 1049 Mugitusque
580 980 670 1046 boum,
688 981 840 1049 mollesque
858 980 909 1033 sub
928 980 1027 1035 arbore
1045 986 1134 1039 somni
1207 1000 1244 1043 010
1288 995 1289 1030 l

386 1057 448 1110 Non
466 1056 581 1121 absunt;
600 1056 655 1109 illic
673 1056 760 1109 saltus
778 1072 810 1109 ac
827 1056 915 1110 lustra
931 1057 1059 1125 ferarum,
1288 1076 1289 1083 ¹

386 1133 423 1186 Ilt
440 1133 548 1201 patiens
565 1150 678 1202 operum
697 1134 851 1201 exiguoque
869 1132 985 1186 adsueta
1002 1133 1137 1203 iuventus,

386 1208 469 1263 Sacra
486 1209 576 1277 deum,
595 1209 737 1277 sanctique
755 1212 864 1277 patres;
886 1212 1010 1262 extrema
1028 1226 1079 1278 per
1095 1209 1158 1265 illos

387 1285 499 1339 Iustitia
518 1286 654 1339 excedens
672 1286 754 1339 terris
772 1285 889 1351 vestigia
906 1284 979 1337 fecit.

421 1361 468 1415 Me
486 1378 551 1415 vero
569 1362 687 1430 primum
706 1361 799 1415 dulces
817 1365 882 1414 ante
900 1361 991 1413 omnia
1008 1359 1113 1429 Musae,
1209 1377 1245 1419 475

388 1437 508 1502 Quarum
527 1454 603 1491 sacra
621 1438 679 1491 fero
696 1438 801 1505 ingenti
820 1452 965 1504 percussus
982 1452 1083 1504 amore,

387 1515 539 1581 Accipient,
557 1514 680 1581 caelique
698 1513 756 1565 vias
774 1516 803 1566 01
821 1513 912 1565 sidera
929 1515 1091 1577 monstrent,

387 1589 517 1642 Defectus
536 1588 599 1642 solis
617 1589 713 1654 varios,
732 1588 868 1656 lunaeque
884 1588 1002 1653 labores,

387 1665 470 1719 Unde
488 1668 592 1719 tremor
610 1664 700 1732 terris,
719 1680 773 1732 qua
791 1664 818 1716 vi
836 1665 922 1716 maria
940 1663 997 1717 alta
1013 1666 1169 1717 tumescant

387 1733 527 1795 Obiicilius
544 1741 632 1810 ruptis
651 1756 799 1808 rursusque
818 1740 845 1792 in
865 1756 894 1793 se
912 1740 972 1807 ipsa
989 1739 1120 1808 residant,
1209 1755 1245 1794 asa

388 1818 461 1882 Quid
478 1821 586 1871 tantum
606 1815 715 1870 Oceano
733 1819 883 1885 properent
902 1832 932 1869 sc
950 1816 1077 1883 tinguere
1093 1816 1165 1869 soles

389 1893 513 1959 Hiberni,
532 1893 575 1946 vel
594 1909 664 1960 quac
676 1892 770 1946 ‘tardis
788 1907 866 1945 mora
884 1891 1009 1944 noctibus
1027 1890 1127 1945 obstet.

388 1968 443 2035 Sin,
461 1968 511 2021 has
529 1986 563 2021 ne
581 1968 683 2037 possim
701 1970 816 2021 naturae
834 1968 966 2020 accedere
983 1967 1077 2034 partis,

388 2044 519 2112 Frigidus
537 2044 677 2097 obstiterit
695 2044 797 2096 circum
815 2042 975 2110 praecordia
994 2042 1111 2109 sanguis,

389 2121 464 2174 Rura
482 2120 548 2173 milri
566 2123 595 2173 01
612 2120 682 2186 rigui
701 2119 827 2187 placeant
844 2119 873 2171 in
890 2118 1006 2171 vallibus
1024 2135 1133 2184 amnes;
1208 2134 1246 2173 sss

388 2196 515 2249 Illumina
533 2212 620 2248 amem
640 2195 775 2262 silvasque
793 2194 930 2261 inglorius.
969 2194 1000 2260 O,
1019 2193 1067 2246 ubi
1081 2194 1170 2263 campi

388 2271 604 2340 Spercheusque,
625 2274 654 2325 et
671 2270 821 2337 virginibus
839 2269 970 2324 bacchata
989 2269 1120 2323 Laeaems

388 2348 523 2416 Taygeta!
547 2364 571 2415 0,
590 2347 637 2416 qui
656 2363 699 2399 me
718 2345 817 2413 gelidis
835 2345 1002 2399 convallibus
1020 2344 1121 2398 Haemi

389 2423 482 2491 Sistat,
502 2427 531 2478 et
548 2423 652 2491 ingenti
670 2437 806 2477 ramorum
825 2424 954 2490 protegat
970 2417 1081 2473 umbra!

389 2499 475 2568 Felix,
495 2500 542 2569 qui
559 2500 651 2568 potuit
668 2514 761 2553 rerum
779 2514 941 2566 cognoscere
959 2512 1075 2562 caussas,
1209 2512 1247 2552 000

390 2577 484 2643 Atque
503 2579 592 2629 metus
611 2575 698 2629 omnis
716 2577 745 2628 01
763 2572 930 2643 inexorabile
947 2574 1035 2626 fatum

390 2651 510 2705 Subiecit
528 2650 644 2717 podibus
663 2650 865 2718 strepitumque
887 2649 1052 2703 Acherontis
1069 2648 1159 2719 arari!

390 2726 559 2780 Fortunatus
577 2729 607 2780 et
624 2726 678 2793 ille,
698 2726 765 2778 deos
783 2726 831 2794 qui
849 2725 925 2779 novit
943 2725 1065 2791 agrestis,

390 2802 519 2870 Panaque
538 2802 732 2870 Silvanumque
750 2818 844 2855 senem
863 2801 1060 2870 Nymphasque
1077 2804 1201 2855 sorores!

390 2879 473 2933 Illum
491 2895 545 2931 non
563 2878 656 2947 populi
673 2878 767 2946 fasces,
786 2895 839 2932 non
858 2894 980 2947 purpura
996 2894 1094 2946 regum
1210 2892 1248 2932 aas

390 2955 482 3009 Flexit
499 2958 528 3008 01
545 2954 643 3009 infidos
660 2955 766 3023 agitans
784 2954 920 3008 discordia
936 2956 1044 3017 fratres,

391 3032 450 3085 Aut
467 3031 607 3085 coniurato
627 3031 794 3085 descendens
814 3032 906 3086 Dacus
923 3030 959 3085 ab
977 3030 1083 3097 Histro,

390 3107 453 3160 Non
470 3123 515 3160 res
534 3107 673 3161 Romanae
690 3108 869 3177 perituraque
887 3124 987 3176 regna3
1007 3122 1098 3175 neque
1115 3104 1163 3159 ille

390 3184 449 3237 Ant
468 3184 556 3237 doluit
573 3183 705 3237 miserans
723 3183 840 3254 inopem,
858 3188 907 3239 aut
924 3184 1023 3237 invidit
1040 3181 1161 3236 habenti.

391 3258 464 3323 Quos
482 3261 550 3313 rami
567 3261 680 3328 fructus,
700 3276 768 3329 quos
786 3260 846 3329 ipsa
863 3261 982 3314 volentia
999 3276 1065 3313 rura
1211 3272 1249 3311 000

390 3334 493 3403 Sponte
511 3337 600 3391 tulere
619 3352 675 3403 sua,
694 3336 804 3405 carpsit,
822 3352 873 3389 nee
889 3337 1059 3391 ferrea'iura

380 3410 573 3482 Insanumque
589 3412 681 3469 forum
700 3415 750 3469 aut
767 3412 864 3484 populi
879 3412 1019 3467 sannaus
1031 3409 1114 3463 uidit

360 3482 528 3544 Sollicitare
546 3492 595 3546 alii
614 3493 705 3548 remis
724 3494 804 3549 freta
821 3506 915 3557 caeca,
928 3490 1076 3551 munitm

344 3553 385 3611 1¹1
399 3558 527 3636 &mma
546 3574 719 3641 penetrant
738 3571 825 3629 aulas
841 3571 877 3625 et
891 3564 998 3621 nmina
1010 3570 1133 3624 *sulm
