3242 4159
617 786 645 835 P.
664 783 816 858 vinciar
832 770 998 830 nunonis

574 957 1041 1034 Asuuiues

624 1162 741 1217 LIBlllt
759 1160 813 1213 UN
816 1158 996 1213 DECIMUS.

757 1323 858 1350 --0-—

382 1443 523 1496 Ocnuuun
542 1444 647 1494 interca
666 1458 779 1507 surgens
799 1443 908 1493 Aurora
926 1441 1054 1509 reliquit:

384 1521 496 1581 Aeneas,
516 1533 679 1583 quamquam
698 1520 727 1568 ct
746 1516 825 1568 sociis
843 1516 909 1568 dare
927 1520 1035 1583 tempus
1054 1518 1201 1571 humandis

384 1593 568 1659 Praecipitant
586 1608 675 1657 curae,
695 1590 862 1657 turbataque
880 1591 976 1643 funere
994 1608 1075 1645 mens
1093 1597 1144 1659 cst,

382 1668 456 1720 Vota
474 1667 556 1719 deum
575 1667 662 1735 primo
682 1667 769 1719 victer
787 1665 909 1719 solvebat
928 1666 991 1719 Εοο.

384 1744 527 1811 Ingentem
549 1759 678 1810 quercum
697 1742 795 1795 decisis
813 1741 935 1809 undique
954 1744 1036 1796 ramis
1224 1762 1234 1797 s

383 1819 532 1872 Constituit
551 1820 663 1886 tinnula,
682 1820 868 1887 fulgentiaque
886 1818 976 1871 induit
994 1837 1079 1888 arma,

383 1895 501 1948 Mezenti
521 1896 598 1947 ducis
616 1896 735 1962 exuvias,
754 1896 813 1964 tibi,
831 1912 936 1963 magne,
955 1899 1107 1963 tropaeum,

383 1969 564 2037 Bellipoteus;
591 1975 671 2040 aptat
697 1972 815 2024 rorantis
833 1971 964 2037 sanguine
981 1971 1078 2025 cristas

383 2046 500 2112 Telaque
518 2048 614 2098 trunca
633 2047 682 2097 viri
702 2050 730 2098 ct
748 2045 790 2099 bis
810 2065 858 2100 sex
875 2047 988 2100 thoraca
1005 2050 1124 2115 petitum
1272 2109 1276 2126 Ι

383 2116 591 2189 Perfossumque
609 2121 682 2189 lucia,
702 2123 876 2192 clipeumque
894 2142 928 2177 ex
947 2142 1009 2177 aere
1028 2124 1158 2178 sinistme
1212 2143 1232 2190 re

383 2197 513 2265 Subligat,
535 2202 618 2266 atque
637 2216 729 2252 ensem
748 2200 816 2253 collo
835 2201 978 2270 suspendit
996 2201 1139 2255 eburnnm.

383 2274 450 2328 'lum
470 2274 561 2343 secius,
580 2292 698 2344 namque
717 2276 804 2329 omnis
823 2293 885 2330 eum
903 2278 1005 2345 stipata
1022 2278 1137 2344 tegebat

383 2350 474 2405 Turba
493 2352 599 2419 ducum,
620 2353 806 2420 sicincipiens
825 2354 951 2407 hortatur
969 2354 1087 2409 ovantis:

382 2427 511 2481 Maxuma
530 2446 573 2481 res
592 2429 695 2495 effecta,
714 2429 782 2494 viri„-
800 2428 884 2481 timer
901 2431 988 2483 onmis
1005 2429 1110 2498 abesto,

383 2503 462 2566 Quod
475 2509 615 2571 superest;
634 2504 700 2558 haec
713 2509 777 2558 sunt
789 2506 875 2573 spolia
887 2510 916 2559 et
929 2506 963 2559 de
975 2524 1040 2575 rege
1051 2508 1183 2576 superbe*
1213 2523 1233 2559 1⁵

383 2576 529 2644 Primitiae,
549 2580 730 2649 manibusque
748 2580 817 2633 meis
837 2581 988 2636 Mezentius
1005 2582 1050 2635 hic
1067 2586 1118 2636 est.

381 2652 407 2703 N
409 2670 460 2705 unc
479 2654 533 2706 iter
552 2656 588 2706 ad
606 2672 699 2722 regern
717 2656 796 2709 nobis
814 2674 961 2725 murosque
981 2659 1099 2712 Latinos.

383 2728 468 2781 Arma
486 2734 581 2797 parate
600 2730 703 2797 animis,
723 2736 752 2784 et
770 2750 819 2800 spe
836 2734 1003 2801 praesumite
1020 2733 1132 2802 bellum,

382 2804 424 2858 Ne
444 2823 498 2875 qua
515 2823 591 2859 mera
609 2808 725 2874 ignaros,
744 2808 792 2860 ubi
811 2809 929 2877 primum
948 2810 1048 2863 vellere
1066 2810 1146 2878 signa

382 2882 539 2935 Adnuerint
558 2883 648 2950 superi
667 2883 824 2953 pubemque
843 2884 960 2938 educere
978 2886 1081 2952 castris,
1211 2904 1235 2942 ru

382 2957 517 3026 Inpediat,
537 2960 661 3027 segnisve
679 2965 755 3013 metu
773 2961 910 3013 sententia
926 2960 1025 3014 tardet

382 3030 492 3085 Interea
511 3035 595 3087 socios
613 3034 809 3101 inhumataque
828 3052 941 3103 corpora
959 3040 1050 3089 terrae

381 3105 550 3176 Mandernus,
571 3111 617 3179 qui
637 3111 708 3164 sulus
726 3110 811 3163 honos
831 3110 988 3165 Acherunte
1007 3111 1057 3164 sub
1075 3113 1133 3166 imo
1151 3119 1203 3170 est

382 3181 432 3249 Ite,
452 3184 496 3249 ait
516 3187 639 3253 egregias
659 3187 770 3253 animas,
790 3204 861 3255 quae
880 3188 1013 3254 sanguiue
1030 3188 1108 3241 nobis
1238 3233 1242 3246 .

381 3253 460 3308 Hanc
476 3261 595 3327 patriam
613 3278 746 3331 peperere
765 3279 822 3330 sue,
842 3262 971 3316 decorate
990 3264 1126 3330 supremis
1214 3279 1238 3320 z

356 3327 544 3404 ‘Muneribus
563 3342 760 3408 maestamque
776 3338 905 3390 lluanuri
918 3338 1027 3403 pr'rmus
1041 3337 1082 3387 ss
1091 3339 1197 3394 urbem

357 3405 499 3470 lustratur
520 3415 628 3484 Pallas,
648 3432 738 3487 quem
756 3429 817 3466 nen
831 3410 950 3465 uirtutis
967 3410 1098 3470 amm

349 3483 486 3576 immisi
507 3497 577 3551 aira
599 3493 668 3552 dies
689 3493 727 3546 et
741 3490 849 3545 iuuere
865 3481 972 3538 merslt
988 3474 1101 3526 acerne.
