3242 4159
379 530 410 576 80
613 529 643 579 P.
661 527 816 576 VERGILI
833 524 1001 576 MARONIS

380 608 440 671 Quo
458 607 526 661 fletu
543 606 639 673 Manis,
659 624 713 676 qua
731 607 851 659 Numina
868 622 933 660 voce
950 606 1091 661 moveretl
1205 601 1240 660 soe'

380 685 433 738 Illa
451 683 564 752 quidem
583 684 678 751 Stygia
696 683 780 737 nabat
799 683 854 735 iam
872 682 973 749 frigida
991 682 1096 749 cymba
1229 631 1281 762 A

380 761 492 829 Septem
509 759 586 811 illum
605 763 679 812 totos
697 759 843 827 perhibent
861 776 896 811 ex
915 758 1011 811 ordine
1028 774 1138 813 menses

381 837 460 905 Rupe
477 836 528 889 sub
547 836 621 905 aeria
641 835 745 888 deserti
764 835 800 887 ad
819 835 971 901 Strymonis
988 834 1091 888 undam

381 913 507 980 Elerisse,
526 916 555 966 et
573 912 673 979 gelidis
691 911 759 965 haec
778 911 910 964 evolvisse
929 910 980 964 sub
998 911 1108 978 antris·

380 988 546 1042 Mulcentem
564 988 644 1054 tigris
664 992 692 1041 et
710 991 838 1055 agentem
857 987 976 1039 carmine
994 1002 1127 1054 quereus;
1206 999 1243 1041 sn

381 1065 472 1130 Qualis
489 1064 606 1132 populea
625 1081 749 1117 maerens
767 1063 916 1132 philomela
932 1061 984 1117 sub
1001 1062 1100 1115 umbra

380 1141 505 1194 Amissos
523 1140 649 1208 queritur
665 1140 747 1206 fetus,
766 1155 835 1206 quos
853 1139 938 1192 durus
955 1142 1048 1192 arator

380 1214 535 1284 Observans
553 1215 617 1268 nido
635 1216 764 1284 inplumis
783 1215 920 1277 detraxit3
937 1217 966 1267 at
983 1214 1030 1268 illa

380 1290 444 1345 Flet
461 1296 576 1360 nectem,
595 1309 725 1361 ramoque
744 1291 844 1344 sedens
862 1290 1017 1344 miserabile
1034 1306 1145 1345 carmen

381 1366 514 1435 Integrat,
532 1370 562 1421 et
579 1368 691 1421 maestis
709 1368 766 1421 late
783 1367 842 1420 loca
861 1365 1003 1435 questibus
1021 1366 1117 1434 inplet.
1205 1380 1242 1421 515

380 1443 463 1496 Nulla
480 1437 582 1511 Venus,
601 1460 654 1496 non
672 1443 721 1495 ulli
737 1443 858 1496 animum
876 1442 979 1495 flexere
996 1442 1146 1509 hymenaei

381 1518 459 1573 Solus
478 1520 671 1587 Hyperboreas
688 1519 788 1587 glacies
806 1518 973 1586 Tanaimque
991 1517 1108 1571 nivalem

381 1596 510 1663 Arvaque
531 1593 660 1663 Rhipaeis
679 1612 826 1662 numquam
846 1594 960 1648 viduata
977 1593 1082 1662 pruinis
1161 1591 1165 1598 ’

380 1670 537 1737 Lustrabat,
556 1673 664 1739 raptam
684 1670 838 1738 Eurydicen
857 1674 942 1739 atque
960 1670 1044 1723 inrita
1060 1669 1135 1724 Ditis

380 1744 461 1800 Dona
478 1763 595 1816 querens
604 1768 611 1813 ;
630 1751 739 1816 spretae
760 1747 963 1815 Ciconumque
980 1762 1095 1800 munere
1112 1748 1218 1800 matres

381 1822 460 1876 Inter
478 1839 555 1876 sacra
575 1822 658 1877 deum
677 1824 859 1891 nocturnique
877 1824 954 1891 orgia
972 1821 1071 1875 Bacchi
1205 1837 1241 1877 521

381 1898 555 1966 Discerptum
575 1900 644 1953 latos
663 1900 788 1954 iuvenem
808 1916 933 1968 sparsere
951 1915 1001 1967 per
1019 1914 1108 1966 agros.

381 1973 451 2027 Tum
469 1992 577 2043 quoque
595 1991 748 2028 marmorea
768 1979 851 2044 eaput
869 1992 886 2028 a
903 1974 1007 2029 cervice
1027 1974 1164 2028 revolsum

381 2049 498 2117 Gurgite
516 2066 577 2103 eum
596 2050 686 2103 medio
704 2055 818 2119 portans
837 2051 970 2119 Oeagrius
989 2048 1102 2103 Hebrus

381 2125 520 2192 Volneret,
539 2125 695 2192 Eurydicen
713 2143 765 2180 vox
783 2127 843 2195 ipsa
862 2130 891 2180 et
908 2125 1010 2195 frigida
1027 2125 1129 2193 lingua,
1205 2141 1243 2179 aaa

381 2202 429 2255 Ah
446 2202 573 2255 miseram
594 2203 760 2270 Eurydicen!
780 2204 871 2257 anima
888 2203 1011 2271 fugiente
1029 2201 1161 2267 vocabat3

381 2277 534 2346 Eurydicen
552 2280 611 2331 1010
629 2278 787 2332 referebant
805 2278 917 2332 flumine
934 2279 1021 2346 ripae.

417 2355 494 2408 Hace
513 2354 637 2421 Proteus,
656 2359 685 2409 et
704 2372 733 2408 se
751 2355 825 2409 iaetu
843 2355 921 2409 dedit
940 2370 1043 2423 aequor
1061 2354 1089 2406 in
1110 2353 1206 2420 altum,

359 2429 495 2499 ·'·Quaque
514 2432 599 2499 dedit,
619 2435 791 2501 spumantem
809 2432 912 2485 undam
931 2431 982 2483 sub
999 2430 1102 2483 vertice
1119 2430 1208 2483 torsit.

381 2502 423 2560 At
440 2524 495 2560 non
515 2508 635 2575 Cyrene3
654 2524 772 2575 namque
790 2507 864 2561 ultre
882 2507 976 2560 adlata
994 2507 1151 2560 timentem:
1204 2521 1243 2558 500

416 2582 496 2650 Nate,
515 2584 579 2637 lieet
597 2584 686 2637 tristis
705 2584 794 2636 anime
815 2582 952 2651 deponere
963 2599 1057 2638 curas.

381 2657 460 2711 Haec
478 2661 564 2712 omnis
583 2658 672 2711 morbi
691 2676 800 2724 eaussa;
818 2659 880 2712 hine
899 2658 1055 2713 miserabile
1072 2655 1225 2726 Nymphae,

382 2734 450 2787 Cum
468 2734 569 2801 quibus
587 2734 634 2787 illa
652 2734 748 2787 cheros
766 2735 835 2788 lueis
854 2735 977 2803 agitabat
995 2736 1023 2787 in
1041 2734 1112 2803 altis,

382 2808 504 2862 Exitium
523 2809 622 2863 misere
641 2810 746 2877 apibus.
785 2812 826 2863 Tu
844 2827 957 2864 munera
976 2810 1091 2879 supplex

381 2885 482 2952 Tende,
500 2890 598 2955 petens
616 2902 720 2954 pacem,
739 2891 768 2940 et
786 2887 872 2940 facilis
890 2903 1022 2940 venerare
1039 2886 1181 2953 Napaeaa5
1204 2899 1244 2939 035

381 2961 508 3031 Namque
527 2962 633 3015 dabunt
651 2963 757 3016 veniam
775 2964 853 3029 votis,
872 2962 982 3031 irasque
1000 2961 1152 3015 remittent.

381 3038 444 3106 Sed,
463 3038 561 3092 modus
580 3039 676 3092 orandi
695 3039 743 3106 qui
762 3039 805 3106 sit,
823 3040 899 3107 prius
917 3039 1013 3091 ordine
1031 3037 1129 3091 dicam.

383 3116 519 3179 Quattuor
538 3115 652 3169 eximios
670 3115 824 3183 praestanti
842 3130 954 3183 corpore
972 3117 1073 3180 tauros,

382 3190 435 3254 Qui
453 3191 504 3244 tibi
522 3208 593 3244 nunc
612 3191 707 3244 viridis
726 3190 880 3258 depascunt
898 3205 1004 3243 summa
1022 3187 1127 3257 Lycaei,

381 3265 487 3334 Deligc,
507 3271 536 3321 et
552 3268 656 3320 intaeta
674 3266 790 3320 totidem
810 3266 916 3319 cervice
933 3265 1069 3318 iuvencas.
1204 3277 1240 3316 sse

382 3342 519 3405 Quattuor
535 3343 578 3395 his
596 3359 658 3395 aras
676 3343 732 3395 alta
750 3342 786 3395 ad
804 3341 921 3395 delubra
938 3341 1070 3394 dearum

377 3418 526 3485 Constitue,
547 3422 577 3472 ct
593 3436 702 3474 sacrum
721 3417 823 3489 iugulis
842 3417 960 3472 demitte
977 3432 1115 3479 cruorem,

359 3491 548 3562 Comoraque
558 3496 624 3566 ipsa
643 3497 730 3554 bourn
750 3498 888 3555 frondoso
907 3496 1011 3551 desere
1024 3492 1101 3544 luen.

346 3560 418 3632 Ρθθΐ,
440 3567 492 3622 ubi
508 3588 589 3630 nona
607 3592 677 3633 suos
698 3580 820 3635 Aurora
838 3573 1007 3634 ostenderit
1024 3570 1119 3629 01118»
