3242 4159
358 532 406 581 260
589 527 617 573 P.
641 525 791 573 vulturni
809 525 979 575 MARONIS

358 606 511 663 Transfossi
529 606 602 674 ligno
622 606 741 661 veniunt.
777 606 834 660 Vix
851 624 922 662 unns
941 609 1068 664 Helenor

359 688 396 739 Et
414 685 503 752 Lycus
522 684 621 751 elapsi,
647 700 762 751 quorum
780 683 938 752 primaevus
957 684 1093 756 Helenor,
1178 700 1210 741 sss

359 761 484 814 Maeonio
503 760 562 826 regi
581 777 662 827 quem
681 775 759 812 serva
778 759 918 827 Licymnia
934 761 1033 814 furtim

359 837 515 891 Sustulcrat
533 836 681 903 vetitisque
700 835 736 887 ad
755 835 864 888 Troiam
881 836 995 891 miserat
1012 836 1107 906 armis,

359 914 432 966 Ense
450 912 518 965 levis
536 911 610 964 nudo
624 928 779 980 parmaque
797 911 929 979 inglorius
946 911 1015 965 alba

359 989 444 1058 Isque
462 988 509 1041 uhi
528 1005 557 1042 sc
576 988 660 1041 Turni
679 988 771 1042 media
789 987 864 1042 inter
881 987 957 1041 milia
973 988 1052 1057 vidit,

359 1066 432 1119 Hinc
450 1065 521 1119 acies
540 1069 625 1134 atque
644 1065 707 1118 hinc
725 1065 796 1118 acies
813 1065 925 1118 adstare
944 1064 1071 1119 Latinas:
1178 1082 1212 1121 sao

358 1141 398 1194 Ut
415 1142 481 1207 fera,
500 1158 579 1210 quae,
597 1142 683 1195 densa
698 1145 846 1197 venantum
864 1144 961 1210 saepta
977 1157 1085 1209 corona,

358 1216 461 1271 Contra
479 1218 535 1271 tela
552 1218 627 1284 furit,
646 1234 760 1286 seseque
777 1217 853 1270 ha'ud
870 1218 963 1271 nescia
980 1217 1063 1273 morti

359 1292 453 1348 Iniicit
470 1296 500 1348 et
518 1294 591 1348 saltu
608 1311 691 1364 supra
708 1293 841 1347 venabula
858 1293 955 1361 fertur,

358 1369 443 1424 Haud
461 1370 543 1426 aliter
560 1371 664 1425 iuvenis
682 1370 788 1423 medios
806 1369 955 1423 moriturus
972 1368 1002 1422 in
1019 1369 1110 1425 hostis

359 1445 458 1513 Inruit,
477 1450 514 1515 et,
532 1464 586 1515 qua
603 1447 660 1501 tela
677 1446 753 1501 videt
771 1445 940 1513 densissima,
957 1446 1057 1500 tendit
1176 1462 1210 1502 sss

358 1523 399 1575 At
416 1522 534 1591 pedibus
551 1523 631 1589 longe
649 1523 747 1576 melior
765 1523 854 1591 Lycus
870 1521 944 1576 inter
961 1525 992 1576 et
1008 1522 1100 1578 hostis

358 1596 438 1651 Inter
455 1602 485 1651 et
502 1614 577 1651 arma
594 1598 660 1667 fuga
677 1614 769 1651 muros
787 1600 872 1665 tenet,
889 1597 1113 1667 altaqueeertat

358 1670 499 1728 Prendere
516 1677 592 1729 tecta
608 1690 691 1727 manu
709 1673 867 1742 sociumque
884 1673 1023 1741 attingere
1042 1675 1168 1733 dextras.

358 1748 447 1813 Quem
464 1752 580 1818 Tamus,
597 1751 702 1819 pariter
720 1766 802 1804 cursu
819 1749 932 1818 teloque
950 1753 1068 1819 secirtus

358 1826 489 1896 Increpat
506 1827 550 1881 his
567 1827 668 1883 victor:
694 1828 846 1880 Nostraene
864 1825 989 1893 evadere,
1008 1826 1132 1895 demens,
1173 1844 1209 1883 aso

357 1902 481 1970 Sperasti
499 1908 529 1957 te
546 1921 626 1972 posse
644 1904 756 1958 manusi
781 1902 861 1955 simul
878 1901 977 1969 arripit
993 1901 1085 1970 ipsum

357 1977 537 2045 Pendentem,
556 1983 585 2033 et
602 1996 700 2047 magna
716 1978 787 2031 muri
805 1994 867 2031 cum
884 1980 964 2047 parte
981 1978 1107 2034 revellit:

359 2052 455 2118 Qualis
472 2052 519 2105 ubi
537 2057 586 2107 aut
604 2055 724 2123 leporem
743 2057 792 2107 aut
808 2052 936 2108 madenti
954 2070 1068 2121 corpore
1086 2072 1199 2124 cycnum

357 2128 475 2182 Sustulit
493 2129 549 2182 alta
566 2133 664 2197 petens
681 2129 798 2197 pedibus
818 2129 892 2183 Iovis
909 2129 1029 2196 armiger
1046 2132 1134 2198 uncis,

357 2204 517 2268 Quaesitum
534 2208 583 2258 aut
599 2204 682 2257 matri
700 2204 794 2259 multis
811 2204 950 2259 balatibus
967 2222 1066 2273 agnum
1173 2222 1207 2262 ses

356 2280 474 2333 Martius
491 2297 508 2334 a
526 2280 642 2335 stabulis
659 2282 752 2349 rapuit
768 2282 856 2349 lupus.
886 2281 1018 2350 Undique
1034 2282 1140 2337 clamor

356 2355 487 2423 Tollitur;
509 2355 643 2412 invadunt
661 2362 690 2412 et
706 2358 792 2411 fossas
806 2373 907 2425 aggere
924 2357 1067 2426 conplent;

356 2433 490 2488 Ardentis
507 2435 604 2489 taedas
621 2434 668 2488 alii
686 2434 722 2487 ad
738 2433 850 2499 fastigia
867 2432 976 2487 iactant

356 2508 477 2563 Ilioneus
495 2527 560 2564 saxo
576 2515 660 2580 atque
677 2508 781 2578 ingenti
797 2508 932 2575 fragmine
949 2508 1050 2562 montis

355 2582 506 2652 Lucetium,
523 2591 619 2655 portae
637 2587 801 2640 subeuntem
819 2584 944 2652 ignisque
957 2585 1101 2654 ferentem,
1171 2601 1206 2643 ssa

355 2658 519 2714 Emathiona
537 2661 627 2728 Liger,
647 2662 817 2729 Corynaeum
836 2659 936 2714 sternit
955 2659 1055 2729 Asilas,

355 2734 410 2788 Hic
427 2735 514 2788 iaculo
531 2736 625 2803 bonus,
643 2736 688 2789 hic
706 2737 786 2803 longe
803 2736 917 2790 fallente
934 2736 1049 2803 sagitta;

354 2810 498 2879 Ortygium
517 2811 648 2879 Caeneus,
666 2811 797 2865 victorem
817 2811 924 2865 Caenea
942 2811 1056 2877 Turnus,

354 2886 462 2940 Turnus
482 2887 555 2954 ltym
574 2887 761 2955 Cloniumque,
779 2887 948 2955 Dioxippum
967 2886 1187 2959 Promolumque,

354 2963 391 3016 llt
405 2962 529 3031 Sagarim
542 2967 571 3016 et
583 2963 695 3016 summis
710 2966 830 3016 stantem
842 2979 893 3031 pro
905 2962 1028 3015 turribus
1040 2962 1113 3017 Idan
1120 2985 1128 3030 ;
1168 2981 1204 3021 ris

356 3039 515 3093 Privernum
534 3040 629 3108 Capys.
665 3039 748 3092 Hunc
765 3040 854 3107 primo
872 3039 940 3092 levis
956 3038 1036 3091 hasta
1053 3039 1204 3096 Themillae
1293 3050 1296 3101 j

1292 3139 1296 3166 ι

353 3115 522 3171 Strinxerat:
547 3116 594 3169 ille
611 3133 722 3169 manum
740 3116 864 3184 proiecto
881 3115 1003 3183 tegmine
1021 3114 1138 3172 demens

353 3190 401 3243 Ad
418 3192 514 3245 volnus
533 3192 611 3257 tulit;
635 3208 701 3259 ergo
719 3192 769 3245 alis
788 3191 902 3259 adlapsa
919 3191 1021 3258 sagitta

352 3264 390 3319 Et
406 3265 483 3322 laevo
501 3267 592 3321 adfixa
611 3271 654 3321 est
671 3268 750 3321 lateri
768 3284 872 3335 manus,
890 3266 1041 3335 abditaque
1057 3267 1134 3323 intus

346 3339 524 3410 Spitamenta
541 3343 648 3397 animae
665 3343 742 3397 letali
759 3344 869 3397 volnere
886 3342 970 3411 rupit.
1168 3360 1205 3400 seo
1292 3324 1296 3330 Α

332 3416 439 3476 Stabat
454 3421 486 3477 in
508 3423 631 3495 egregiis
652 3420 788 3479 Arcentis
802 3418 879 3474 hlius
894 3418 987 3484 arma,
1016 3477 1020 3482 Ι

327 3492 427 3574 Pictas
443 3517 502 3557 acu
522 3502 710 3575 chlamydem
728 3504 761 3557 et
778 3496 926 3564 lerrugine
943 3493 1035 3545 clarus
1045 3490 1172 3554 hibera,

327 3573 444 3646 ⁰⁸58&ss
464 3580 555 3653 faeie,
576 3583 702 3654 genitor
718 3595 811 3653 quem
826 3575 952 3631 miserat
973 3568 1091 3622 linceus,
