3242 4159
835 785 899 832 42
1310 784 1371 833 Ρ.
1406 783 1722 834 VERGILI
1751 782 2090 833 MARONIS

832 862 1087 931 Victima,
1123 879 1287 931 saepe
1320 866 1419 917 tuo
1453 863 1663 932 perfusi
1699 863 1923 918 flumine
1957 880 2128 933 sacro,

833 941 1107 994 Romanos
1141 940 1215 993 ad
1247 939 1456 1008 templa
1490 940 1656 993 deum
1692 939 1901 993 duxere
1935 939 2255 1009 triumphos.

833 1017 942 1071 Hic
975 1033 1072 1070 ver
1107 1016 1398 1070 adsiduum
1434 1020 1604 1085 atque
1642 1016 1830 1070 alienis
1864 1016 2141 1070 mensibus
2177 1020 2398 1085 aestasg

708 1111 719 1124 ·
830 1093 930 1148 Bis
963 1093 1223 1163 gravidae
1256 1092 1513 1161 pecudes,
1547 1091 1632 1145 bis
1665 1093 1838 1161 pomis
1873 1093 2025 1147 utilis
2057 1092 2234 1149 arbos.
2478 1110 2549 1151 ιω

832 1170 916 1224 At
949 1170 1176 1224 rabidae
1210 1170 1380 1236 tigres
1417 1168 1617 1222 absunt
1653 1172 1713 1222 et
1749 1185 1909 1223 saeva
1942 1168 2161 1222 leonum

831 1246 1063 1314 Semina,
1099 1263 1200 1300 nec
1236 1246 1464 1299 miseros
1498 1244 1695 1297 fallunt
1729 1244 1943 1298 aconita
1976 1244 2225 1314 legentis,

830 1321 884 1374 N
886 1339 947 1377 ec
980 1324 1126 1392 rapit
1159 1323 1432 1375 inmensos
1467 1320 1612 1373 orbis
1648 1337 1747 1389 per
1782 1320 2020 1388 humum,
2055 1337 2234 1389 neque
2267 1326 2428 1378 tanto

829 1398 1133 1467 Squameus
1166 1398 1225 1452 in
1259 1398 1460 1467 spiram
1496 1400 1682 1449 tractu
1716 1412 1775 1449 se
1810 1396 2019 1463 colligit
2053 1397 2259 1465 anguis.

830 1475 998 1529 Adde
1032 1478 1119 1531 tot
1157 1475 1406 1545 egregias
1440 1472 1607 1527 urbes
1643 1489 1979 1542 operumque
2013 1472 2272 1541 laborem,
2476 1490 2547 1529 15⁵

668 1527 683 1612 ἶ,
712 1613 717 1628 ζ
829 1550 935 1605 Tot
968 1556 1229 1621 congesta
1264 1568 1428 1604 manu
1463 1549 1773 1619 praeruptis
1811 1549 2010 1617 oppida
2046 1550 2206 1617 saxis,

828 1625 1188 1697 Fluminaque
1223 1628 1476 1695 antiquos
1512 1625 1943 1679 subterlabentia
1976 1641 2174 1681 muros.

827 1705 921 1757 An
945 1720 1109 1772 mare,
1135 1705 1285 1773 quod
1309 1720 1485 1771 supra,
1510 1717 1825 1768 memorem,
1853 1701 2110 1770 quodque
2133 1701 2309 1756 adluit
2331 1702 2511 1757 infra?

827 1780 991 1833 Anne
1025 1779 1175 1832 lacus
1209 1783 1407 1844 tantm,
1445 1782 1516 1844 te,
1556 1777 1684 1829 Lari
1720 1794 1988 1844 maxume,
2027 1781 2208 1845 teque,

826 1853 1110 1909 Fluctibus
1148 1860 1206 1909 et
1239 1854 1462 1907 fremitu
1501 1852 1806 1919 adsurgens
1845 1853 2061 1907 Benace
2097 1854 2341 1908 marino?
2472 1870 2547 1910 ιω

826 1930 919 1985 An
954 1947 1251 1985 memorem
1285 1934 1480 2000 portus
1516 1928 1861 1996 Lucrinoque
1899 1929 2091 1981 addita
2125 1929 2363 1984 claustra

824 2008 1016 2075 Atque
1042 2007 1392 2076 indignatum
1428 2005 1641 2073 magnis
1683 2004 2007 2058 stridoribus
2042 2020 2263 2073 aequor,

714 2121 719 2126 ·
824 2081 964 2135 Iulia
999 2100 1108 2152 qua
1141 2087 1309 2153 ponto
1345 2083 1506 2150 longe
1540 2084 1703 2136 sonat
1736 2080 1885 2133 unda
1919 2081 2101 2134 refuso

822 2157 1242 2228 Tyrrhenusque
1276 2160 1434 2212 fretis
1469 2157 1769 2210 inmittitur
1805 2160 1991 2210 aestus
2029 2157 2308 2213 Avernis?

821 2232 978 2287 Haec
1014 2234 1208 2288 eadem
1245 2234 1461 2301 argenti
1496 2234 1642 2286 rivos
1680 2233 1931 2300 aerisque
1966 2232 2189 2286 metalla
2468 2252 2542 2291 165

821 2308 1085 2363 Ostendit
1117 2310 1284 2377 venis,
1321 2313 1490 2378 atque
1526 2325 1659 2363 auro
1695 2308 1929 2376 plurima
1962 2308 2136 2362 fluxit.

819 2384 977 2439 Haec
1011 2402 1183 2453 genus
1219 2402 1344 2439 acre
1379 2386 1573 2451 virum,
1613 2385 1842 2451 Marsos,
1882 2383 2196 2457 pubemque
2231 2385 2521 2453 Sabellam,

662 2433 709 2498 sm
821 2460 1244 2530 Adsuetumque
1278 2461 1421 2514 malo
1459 2460 1733 2529 Liffirem,
1774 2458 2109 2529 Volscosque
2144 2464 2365 2515 verutos

715 2553 718 2558 ·
820 2536 1050 2604 Extulit,
1084 2536 1217 2591 haec
1254 2536 1464 2603 Decios,
1503 2535 1720 2603 Marioe,
1758 2552 2089 2604 magnosque
2126 2536 2397 2606 Camillos,

820 2611 1100 2680 Scipiadas
1136 2612 1302 2666 duros
1337 2613 1496 2681 beno,
1532 2615 1591 2666 et
1628 2615 1700 2681 te,
1736 2628 1989 2676 maxume
2025 2611 2241 2680 Caesar,
2465 2627 2541 2668 170

822 2688 926 2753 Qui
961 2706 1102 2743 nunc
1136 2689 1397 2743 extremis
1434 2688 1604 2742 Asiae
1637 2689 1745 2743 iam
1780 2688 1953 2741 victor
1986 2688 2042 2741 in
2076 2688 2188 2741 oris

706 2807 715 2814 .
821 2764 1090 2818 Inbellem
1127 2766 1329 2820 avertis
1366 2765 1626 2819 Romanis
1660 2764 1873 2817 arcibus
1910 2763 2131 2818 Indum.

822 2840 997 2907 Salve,
1034 2858 1230 2909 magna
1264 2858 1464 2910 parens
1498 2841 1734 2909 frug-um,
1773 2840 2026 2893 Saturnia
2059 2840 2239 2910 tellus,

820 2914 1024 2983 Magna
1057 2917 1261 2981 virum5
1296 2916 1396 2970 tibi
1431 2933 1520 2969 res
1558 2917 1818 2984 antiquae
1858 2915 2035 2979 laudis
2070 2920 2129 2970 et
2162 2917 2301 2971 artis

819 2991 1124 3059 Ingredior‚
1162 2995 1377 3046 sanctos
1414 3008 1578 3045 ausus
1614 2992 1900 3047 recludere
1935 2994 2117 3061 fontiS,
2458 3010 2534 3052 1⁷5

818 3067 1231 3136 Ascraeumque
1266 3085 1400 3121 cano
1438 3068 1684 3122 Romana
1719 3088 1820 3138 per
1858 3069 2057 3140 oppida
2091 3087 2323 3124 carmen.

884 3144 939 3196 N
943 3160 1048 3197 unc
1082 3143 1228 3197 locus
1263 3161 1515 3197 arvorum
1552 3145 1791 3213 ingeniis,
1832 3163 1971 3216 quae
2007 3146 2206 3199 robora
2240 3146 2453 3215 cuique,

818 3220 949 3284 Quis
983 3219 1144 3288 color,
1181 3222 1241 3274 et
1276 3237 1416 3289 quae
1452 3221 1524 3274 sit
1559 3221 1728 3275 rebus
1763 3226 1961 3275 natura
1996 3221 2250 3276 ferendis.

814 3295 1073 3349 Difficiles
1107 3298 1342 3365 primum
1378 3300 1560 3351 terrae
1597 3300 1871 3367 collesque
1905 3297 2140 3364 maligni,

815 3371 1012 3427 Tenuis
1047 3374 1144 3427 ubi
1177 3375 1368 3443 argilla
1403 3378 1461 3428 et
1498 3374 1739 3428 dumosis
1776 3374 2011 3429 calculus
2047 3373 2207 3441 arvis,
2459 3390 2539 3430 180

815 3447 1062 3503 Palladia
1094 3452 1337 3518 gaudent
1373 3452 1506 3504 silva
1539 3452 1735 3504 vivacis
1772 3452 1961 3505 olivae.

815 3523 1025 3578 Indicio
1061 3528 1146 3579 est
1181 3530 1363 3581 tractu
1399 3543 1627 3595 surgens
1666 3529 1900 3583 oleaster
1936 3526 2132 3580 eodem

780 3597 1072 3653 Plurimus
1104 3606 1168 3656 et
1202 3606 1370 3661 strati
1407 3604 1562 3660 bacis
1600 3604 1950 3661 silvestribus
1982 3602 2121 3670 agri

742 3667 847 3741 ἔα
879 3689 1035 3738 4113&
1061 3679 1303 3741 pinguis
1343 3684 1558 3741 humus
1594 3684 1871 3741 dulcique
1903 3681 2122 3741 numne
2145 3675 2334 3738 meza,
