3242 4159
648 517 852 568 eucnemon
868 518 939 571 nra.
958 520 1013 573 111.
1142 491 1145 501 ’
1221 515 1252 563 os

396 598 502 664 Atque
520 592 589 647 haec
605 591 661 648 iam
680 595 769 664 primo
788 595 918 665 depulsus
936 597 972 651 ab
988 597 1075 653 ubere
1090 598 1187 654 matris

394 671 522 738 Audeat,
540 669 623 737 inque
640 671 727 725 vicem
745 672 794 726 det
811 674 939 727 mollibus
956 691 1005 728 ora
1021 674 1147 743 capistris

395 746 542 802 Invalidus
561 747 700 815 etiamque
718 752 846 815 tremens,
865 750 949 803 etiam
966 750 1066 803 inscius
1083 751 1149 805 aeri

394 827 440 880 At
458 822 548 877 tribus
567 824 670 877 exactis
688 823 735 877 ubi
755 829 854 892 quarta
871 826 1018 880 accesserit
1035 831 1132 896 aestas,
1219 844 1255 884 110

394 903 521 971 Carpere
538 915 602 951 mox
620 915 717 967 gyrum
735 900 849 969 incipiat
866 901 1053 972 gradibusque
1071 920 1168 959 sonare

395 975 560 1046 Conpositis,
579 974 725 1043 sinuetque
744 976 851 1031 alterna
868 978 1005 1032 volumina
1022 996 1139 1048 crurum,

395 1056 497 1123 Sitque
514 1051 651 1105 laboranti
671 1051 781 1118 similis;
800 1056 860 1106 tum
879 1054 1003 1108 cursibus
1021 1072 1109 1124 auras,

394 1133 466 1185 Tum
484 1132 570 1195 vocet,
588 1143 620 1180 ac
637 1144 687 1195 per
706 1133 803 1196 aperta
820 1129 920 1198 volans,
939 1147 989 1185 eeu
1007 1131 1077 1186 liber
1093 1131 1214 1200 habenis,

396 1211 530 1275 Aequora
546 1204 592 1258 vix
612 1220 718 1257 summa
735 1204 852 1271 vestigia
869 1209 954 1273 ponat
972 1223 1069 1273 arena3
1218 1223 1254 1261 ros

396 1283 493 1349 Qualis
511 1279 699 1350 Hyperboreis
718 1280 821 1348 Aquilo
839 1296 901 1334 cum
919 1282 1019 1337 densus
1038 1283 1073 1337 ab
1091 1283 1146 1337 oris

395 1358 535 1426 Incubuit,
553 1355 736 1425 Scythiaeque
753 1356 859 1411 hiemes
876 1363 961 1427 atque
979 1358 1056 1412 arida
1074 1359 1167 1414 differt

394 1436 515 1501 Nubila3
531 1437 591 1488 tnm
609 1437 719 1501 segetes
736 1433 809 1487 altae
827 1434 970 1504 campique
987 1438 1115 1489 natantes

395 1513 518 1567 Lenibus
535 1512 696 1565 horrescunt
715 1510 815 1578 flabris,
832 1527 1007 1580 summaeque
1025 1528 1149 1566 sonorem

394 1590 472 1644 Dant
490 1588 573 1642 silvae
591 1587 720 1656 longique
737 1589 857 1655 urguent
874 1586 911 1641 ad
928 1587 1011 1641 litora
1027 1587 1141 1653 fiuctus3
1217 1602 1253 1642 100

395 1666 448 1719 1111
467 1665 549 1732 volat,
568 1663 648 1717 simul
667 1680 731 1717 arra
748 1664 821 1731 fuga,
839 1662 919 1715 simul
937 1680 1056 1731 aequora
1073 1680 1192 1717 verrens.

394 1741 451 1795 Hic
469 1740 513 1795 vel
532 1739 569 1793 ad
587 1739 646 1793 Illei
665 1743 753 1794 metas
772 1741 801 1792 et
819 1754 947 1791 maxuma
965 1739 1054 1806 campi

394 1816 515 1872 Sudabit
532 1816 628 1885 spatia,
649 1817 678 1869 et
696 1830 806 1884 spumas
824 1817 889 1881 aget
907 1830 954 1867 ore
972 1817 1107 1882 cruentas,

394 1894 510 1962 Belgica
527 1894 570 1947 vel
587 1892 663 1946 molli
681 1892 779 1946 melius
796 1891 868 1944 leret
886 1889 982 1944 esseda
1000 1891 1073 1944 collo.

394 1971 466 2024 'lum
484 1969 596 2023 demum
613 1985 706 2022 crassa
722 1983 852 2035 magnum
869 1966 1005 2035 farragine
1022 1984 1120 2036 corpus
1216 1984 1251 2022 105

394 2048 527 2101 Crescere
545 2045 598 2098 iam
618 2044 729 2098 domitis
747 2043 845 2098 sinito:
867 2060 985 2113 namque
1003 2048 1067 2099 aute
1084 2045 1262 2099 domandum'

395 2123 522 2192 Ingentis
540 2122 639 2175 tollent
657 2120 768 2187 animos,
785 2120 933 2189 prensique
950 2120 1089 2189 negabunt

394 2199 522 2253 Verbera
539 2198 614 2252 lenta
631 2196 691 2265 pati
710 2198 738 2249 et
756 2195 833 2249 duris
851 2214 948 2266 parere
965 2196 1073 2264 lupatis.

430 2273 486 2328 Sed
505 2290 558 2328 non
575 2273 632 2327 ulla
649 2271 736 2339 magis
754 2271 820 2326 viris
838 2272 973 2326 industria
992 2273 1092 2340 firmat,

395 2351 485 2415 Quam
503 2349 640 2404 Venerem
659 2352 689 2403 et
707 2349 779 2402 caeci
797 2349 922 2402 stimulos
941 2352 1066 2401 avertere
1083 2350 1189 2416 amoris,
1214 2363 1251 2402 210

394 2427 459 2479 Sive
478 2425 561 2479 boum
578 2425 636 2479 sive
655 2427 698 2478 est
716 2424 759 2478 cui
776 2423 881 2492 gratior
899 2440 965 2476 usus
984 2440 1122 2491 equorum.

395 2503 493 2571 Atque
509 2500 572 2554 ideo
589 2504 683 2555 tauros
700 2501 795 2570 procul
814 2503 897 2567 atque
914 2498 942 2550 in
960 2498 1017 2552 sola
1034 2498 1157 2566 relegant
1221 2500 1226 2511 “

395 2577 507 2646 Pascua,
525 2580 588 2645 post
604 2579 725 2631 montem
740 2575 902 2645 oppositum,
915 2578 944 2628 et
959 2577 1036 2628 trans
1052 2575 1164 2630 flumina
1179 2576 1250 2646 lata;

395 2654 456 2708 Aut
473 2654 547 2708 intus
564 2653 669 2708 clausos
688 2657 782 2707 satura
800 2651 838 2705 ad
855 2652 998 2721 praesepia
1015 2656 1130 2707 servant

395 2729 491 2798 Carpit
509 2729 583 2783 enim
599 2730 664 2783 viris
683 2729 816 2799 paulatim
835 2729 1082 2797 uritquefvidendo
1214 2746 1250 2783 215

395 2806 516 2873 Femina,
536 2822 586 2860 nec
603 2823 744 2860 nemorum
763 2806 868 2876 patitur
885 2807 1039 2862 meminisse
1057 2824 1107 2861 nec
1123 2806 1232 2861 herbae.

394 2882 529 2936 Dulcibus
546 2882 594 2937 illa
611 2883 722 2952 quidem
741 2883 885 2937 inlecebris
904 2887 933 2937 et
951 2900 1032 2954 saepe
1050 2884 1181 2953 superbos

396 2958 531 3012 Cornibus
548 2958 622 3013 inter
639 2978 668 3015 se
690 2960 792 3027 subigit
812 2960 961 3015 decernere
979 2961 1101 3016 amantis
1196 3014 1198 3018 ,

397 3036 524 3089 Pascitur
540 3036 568 3089 in
586 3054 685 3105 magna
705 3036 761 3091 Sila
779 3037 897 3090 formosa
915 3036 1043 3092 iuvenca:

396 3112 442 3165 Illi
460 3112 628 3168 alternantes
647 3115 734 3168 multa
752 3115 778 3168 11
797 3114 902 3185 proelia
919 3114 1033 3168 miscent
1215 3123 1252 3161 220

396 3189 561 3244 Volneribus
579 3192 785 3258 crebris31avit
803 3195 863 3246 ater
881 3207 995 3259 corpora
1012 3184 1126 3253 sanguis,

395 3265 541 3338 Versaque
558 3270 587 3323 in
606 3268 718 3324 obnixos
737 3271 891 3337 urguentur
910 3282 1010 3320 cornua
1027 3264 1103 3315 vasto

396 3345 466 3399 Cum
482 3348 604 3415 gemitu3
622 3346 738 3400 reboant
756 3346 895 3414 silvaeque
915 3345 944 3396 et
961 3341 1059 3408 longus
1076 3337 1215 3405 Olympus.

391 3423 453 3474 Nee
467 3440 528 3475 mos
545 3422 673 3476 bellantis
692 3440 747 3478 una
765 3421 925 3489 stabulare,
942 3418 996 3475 sed
1010 3417 1082 3473 alter

385 3495 481 3546 Wctus
497 3495 564 3562 abit,
583 3497 726 3570 longeque
746 3500 857 3571 ignotis
875 3499 994 3556 exsulat
1013 3497 1084 3566 oris,
1243 3500 1287 3540 ⁰0³¹

365 3563 460 3616 Multa
473 3582 597 3631 gamem
614 3574 809 3641 Ignominiam
831 3579 1003 3653 plagasque
1021 3572 1149 3649 superbi
