3242 4159
392 526 441 572 210
625 521 656 572 Ρ.
675 521 831 571 VERGILI
851 521 1017 571 MARONLS

394 604 464 657 Orta
480 602 548 671 dies,
565 602 663 658 urbem
680 608 711 658 et
729 605 791 658 finis
808 606 838 657 ct
855 603 938 658 litora
953 606 1045 672 gentis

394 680 501 734 Diversi
520 680 679 749 explorant;
700 681 767 733 haec
784 680 869 734 fontis
887 684 985 747 stagna
1003 680 1125 747 Numici,
1207 694 1239 734 lto

394 756 476 810 Hunc
494 755 623 824 Thybrim
640 757 759 823 fiuvium,
777 756 822 810 hic
840 755 919 809 fortis
936 756 1062 810 babitare
1080 756 1198 812 Ictinos
1283 767 1286 787 ¹

395 832 463 884 'lum
481 836 556 885 satus
575 831 696 885 Anchisa
714 832 836 885 delectos
853 832 949 886 ordine
966 832 1001 885 ab
1019 833 1094 886 omui
1215 857 1217 862 ·

395 908 513 963 (lentum
531 911 652 961 oratores
669 912 786 975 augusta
803 908 840 960 ad
858 909 965 961 moenia
982 908 1057 976 regis
1222 922 1224 926 ·

396 984 442 1037 Ire
459 985 542 1050 iubet,
560 985 643 1037 ramis
660 983 765 1037 velatos
784 984 903 1037 Palladis
920 985 1015 1051 omnis,
1284 1007 1285 1014 ¹

394 1060 527 1128 Donaque
545 1061 617 1113 ferre
637 1060 701 1128 viro,
718 1077 869 1129 pacemque
887 1077 1035 1129 exposcere
1053 1061 1174 1115 Teucris
1211 1077 1242 1114 15⁵

395 1135 479 1189 Haud
497 1152 580 1201 mora,
598 1136 731 1203 festinant
748 1137 815 1190 iussi
832 1137 990 1205 rapidisque
1008 1138 1139 1191 feruntur

395 1211 530 1266 Paasibus.
567 1212 632 1280 Ipse
649 1213 744 1265 humili
762 1213 889 1280 designat
907 1213 1015 1266 moenia
1031 1212 1113 1280 fossa,

396 1288 564 1357 Moliturque
581 1289 677 1355 locum,
695 1290 852 1357 prinrasque
870 1288 898 1340 in
916 1287 999 1341 litore
1016 1288 1098 1343 sedes

398 1364 555 1419 [lastrorum
572 1366 602 1419 in
618 1381 722 1418 morem
739 1364 830 1433 pinnis
847 1367 933 1432 atque
950 1380 1053 1431 aggere
1070 1364 1167 1433 cingit

399 1441 511 1510 lamque
527 1442 582 1495 iter
598 1442 700 1495 emensi
718 1441 802 1494 tumis
820 1457 852 1494 ac
869 1443 944 1493 tecta
962 1439 1127 1493 Latinorum
1210 1453 1243 1494 ror

396 1517 493 1573 Ardua
510 1517 658 1570 cernebant
674 1518 793 1585 iuvenes,
810 1532 944 1585 muroque
962 1514 1100 1569 subibant.

395 1594 471 1647 Ante
487 1593 584 1647 urbem
602 1594 679 1661 pueri
697 1596 728 1646 et
744 1592 883 1661 primaevo
900 1592 968 1645 flore
985 1591 1116 1645 iuventus

395 1670 565 1724 Exercentur
583 1670 668 1737 equis,
687 1669 878 1736 domitantque
896 1668 925 1720 in
942 1666 1056 1736 pulvere
1073 1683 1180 1735 cirrus,
1227 1673 1229 1678 '

395 1747 455 1799 Aut
471 1745 542 1800 acris
560 1746 678 1800 tendunt
696 1762 781 1810 arcus,
801 1748 857 1798 aut·
868 1745 943 1798 lenta
961 1742 1072 1798 lacertis

394 1821 504 1890 Spicula
520 1824 708 1890 contorquent,
726 1837 862 1889 cursuque
879 1820 991 1888 ictuque
1007 1818 1162 1874 lacessunt:
1211 1832 1244 1874 ιο

395 1897 464 1950 Cum
481 1902 641 1966 praevectus
659 1914 730 1965 equo
747 1895 872 1963 longaevi
889 1895 963 1963 regis
980 1893 1017 1947 ad
1033 1894 1108 1947 auris

394 1972 515 2025 Nuntius
532 1973 649 2040 ingentis
667 1973 760 2039 ignota
777 1974 805 2025 in
825 1976 902 2025 reste
920 1973 1044 2039 reportat

395 2047 548 2100 Advenisse
566 2049 643 2101 viros
681 2047 732 2101 Ille
750 2049 823 2102 intra
840 2051 915 2101 tecta
932 2046 1022 2104 vocari

396 2124 515 2191 Inpcrat,
533 2126 562 2176 et
581 2124 645 2176 solio
665 2124 770 2176 medius
788 2124 912 2177 consedit
928 2123 1008 2176 avito.

394 2199 506 2251 Tectum
519 2203 672 2266 augustum,
685 2199 788 2266 iugens,
801 2203 911 2252 centum
924 2198 1041 2252 sublime
1052 2198 1195 2265 columnis,
1211 2209 1243 2252 1⁷⁰

394 2274 471 2328 Urbe
488 2274 542 2329 luit
559 2292 670 2341 summa,
689 2275 835 2328 Laurentis
853 2276 929 2343 regia
947 2274 1013 2342 Pici,

395 2351 572 2406 Horrendum
591 2352 664 2404 silvis
681 2355 710 2405 et
728 2351 860 2419 religione
877 2354 1030 2418 parentum.

395 2428 448 2481 Hic
465 2432 573 2497 sceptra
591 2429 711 2496 accipere
730 2430 760 2481 et
777 2426 880 2495 primos
898 2426 1025 2480 attollere
1042 2429 1132 2481 fasces
1234 2417 1245 2440 ⁸

395 2502 518 2571 Regibus
535 2522 614 2557 omen
631 2508 705 2568 erat3
723 2503 774 2556 hoc
791 2503 845 2557 illis
862 2502 937 2555 curia
947 2501 1096 2570 templum,

396 2578 457 2632 Hae
475 2581 557 2633 sacris
575 2579 653 2633 sedes
671 2580 771 2648 epulis;
792 2579 837 2632 hic
854 2578 941 2631 ariete
959 2593 1037 2631 caeso
1211 2588 1244 2632 17⁵

396 2654 539 2723 Perpetuis
557 2654 629 2707 soliti
646 2659 740 2723 patros
755 2654 897 2709 considere
915 2653 1022 2707 mensis

395 2730 565 2793 Quinetiam
584 2734 707 2783 veterum
725 2732 829 2798 efligies
847 2748 881 2784 ex
899 2730 995 2783 ordino
1011 2745 1125 2782 avorum
1187 2728 1190 2733 “

396 2807 519 2874 Antiqua
537 2823 552 2859 e
570 2805 658 2870 cedro,
679 2807 822 2875 Italusque
840 2810 973 2875 paterque
991 2804 1107 2858 Sabinus

395 2882 536 2949 vitisator,
554 2898 663 2934 curvam
682 2899 793 2936 servans
811 2881 863 2935 sub
880 2882 998 2949 imagine
1015 2880 1122 2947 falcem,

395 2961 582 3027 Saturnusque
600 2973 683 3010 senex
703 2959 819 3027 Ianique
836 2958 962 3010 bifrontis
979 2957 1076 3024 imago,
1211 2968 1246 3008 uo

395 3033 539 3088 Vestibulo
557 3033 711 3099 adstabant,
730 3035 829 3102 aliique
846 3033 882 3088 ab
902 3032 1005 3099 origine
1022 3048 1111 3099 reges,

395 3110 550 3177 Martiaque
568 3109 603 3162 ob
623 3111 738 3179 patriam
757 3109 903 3176 pugnando
922 3108 1032 3161 volnera
1049 3107 1129 3176 passi.

395 3186 537 3255 Multaque
555 3191 699 3256 praeterea
717 3186 801 3237 sacris
819 3185 847 3238 in
866 3183 991 3253 postibus
1009 3200 1093 3250 arma,

396 3262 503 3331 Captivi
521 3262 643 3330 pendent
660 3278 762 3327 currus,
781 3276 934 3328 curvaeque
952 3276 1068 3327 secures,

396 3337 433 3391 Et
450 3338 549 3391 cristae
568 3340 694 3406 capitum,
713 3341 742 3391 et
759 3341 900 3405 portarum
919 3335 1042 3402 ingentia
1059 3335 1187 3403 claustra,
1211 3345 1247 3389 ιω

383 3412 555 3486 Spiculaque
573 3414 714 3486 clipeique
733 3416 887 3481 ereptaque
901 3416 994 3463 rostra
1008 3409 1115 3460 aalma

368 3488 444 3559 Ipse
463 3493 608 3558 Quirinali
628 3494 713 3562 lituo,
728 3504 877 3563 parvaque
894 3483 1013 3539 sedebat

359 3562 538 3629 Succinctus
556 3573 677 3643 trabea,
697 3570 845 3637 laevaque
862 3550 1094 3621 marcescebat
