3242 4159
625 512 831 563 GEORGIGON
848 511 920 562 LIB.
939 512 993 561 III.
1208 517 1238 562 61

380 600 449 655 Non
467 614 546 653 secus
562 612 595 651 ac
611 594 709 665 patriis
726 610 790 649 acer
808 594 948 648 Romanus
966 594 995 648 in
1013 595 1097 650 armis

381 677 495 732 Iniusto
514 672 565 728 sub
582 672 657 726 fasce
675 672 747 725 viam
765 688 827 725 cum
845 671 941 741 carpit,
961 675 990 726 et
1007 671 1080 725 hosti

382 754 463 808 Ante
480 752 670 819 exspectatum
688 748 786 817 positis
803 751 861 802 stat
878 748 907 801 in
924 749 1032 817 agmine
1049 751 1153 803 castris.

420 830 542 895 Atrion,
561 842 616 894 qua
634 825 759 893 Scythiae
776 827 874 893 gentes
893 825 1068 894 Maeotiaque
1085 825 1167 893 unda,

382 903 524 960 Turbidus
543 905 573 956 et
591 905 723 969 torquens
741 900 868 954 flaventis
886 900 985 955 Hister
1002 918 1107 970 arenas,
1205 916 1241 955 050

383 984 503 1051 Quaque
519 977 595 1032 redit
612 978 734 1032 medium
753 977 887 1047 Rhodope
904 982 1032 1048 porrecta
1048 979 1100 1033 sub
1117 995 1205 1033 axem.

384 1060 450 1114 Illic
466 1058 559 1111 clausa
575 1057 672 1110 tenent
690 1054 806 1109 stabulis
824 1059 954 1121 armenta,
972 1073 1023 1111 nec
1039 1056 1111 1109 ullae

384 1137 448 1190 ¹Aut
464 1133 567 1187 herbae
585 1148 679 1200 campo
698 1131 833 1199 adparent
850 1135 899 1185 aut
916 1132 1013 1187 arbore
1030 1133 1149 1201 frondes,

384 1210 444 1266 Sed
460 1210 532 1264 iacet
549 1208 696 1277 aggeribus
714 1208 801 1262 niveis
819 1208 944 1261 informis
961 1212 991 1263 et
1007 1210 1064 1263 alto

384 1287 473 1341 'Parra
489 1285 553 1354 gelu
570 1284 635 1353 late,
654 1289 816 1353 septemque
834 1284 959 1352 adsurgit
976 1286 1004 1338 in
1021 1286 1107 1338 ulnas.
1205 1299 1241 1338 sss

384 1364 503 1432 Semper
519 1362 634 1430 hiemps,
653 1378 762 1429 semper
779 1361 916 1429 spirantes
933 1361 1035 1429 frigora
1051 1361 1134 1415 cauri.

385 1440 458 1494 'dum
476 1439 516 1493 sol
533 1438 661 1508 pallentis
677 1437 752 1491 haud
769 1454 899 1505 umquam
917 1437 1031 1491 discutit
1048 1437 1165 1504 umbras,

385 1516 448 1570 Nec
465 1532 527 1570 cum
544 1516 668 1569 invectus
686 1514 765 1582 equis
782 1514 869 1567 eitum
886 1515 957 1582 petit
975 1514 1094 1581 aethera,
1112 1530 1162 1567 uec
1179 1529 1240 1566 cunr

387 1591 572 1661 Praecipitem
591 1591 692 1645 Oceani
709 1590 792 1644 rubro
810 1590 878 1643 lavit
895 1607 1014 1659 aequore
1031 1608 1147 1645 currum.

386 1669 573 1724 Concrescunt
591 1668 699 1722 subitae
717 1668 839 1721 currenti
858 1667 886 1720 in
904 1668 1015 1722 flumine
1032 1672 1148 1734 crustae,
1206 1680 1242 1721 000

385 1744 525 1814 Undaque
542 1744 598 1799 iam
615 1747 695 1811 tergo
712 1744 830 1797 ferratos
850 1745 968 1797 sustinet
985 1744 1068 1811 orbis,

386 1821 531 1891 Puppibus
548 1821 597 1875 illa
612 1820 696 1890 prius,
713 1820 815 1889 patulis
833 1836 904 1873 nunc
921 1820 1030 1888 hospita
1046 1820 1191 1889 plaustris;

387 1900 519 1967 Aeraque
537 1897 675 1951 dissiliunt
692 1896 779 1964 volgo,
796 1898 944 1965 vestesque
961 1897 1100 1965 rigescunt
1155 1901 1157 1904 '

386 1974 518 2042 Indutae,
536 1974 711 2041 caeduntque
729 1971 868 2026 securibus
886 1972 999 2028 humida
1016 1974 1086 2040 vina,

386 2052 426 2106 Et
444 2054 521 2105 totae
538 2050 654 2104 solidam
671 2049 700 2101 in
717 2048 832 2116 glaciem
851 2054 961 2105 vertere
979 2051 1092 2104 lacunae
1208 2063 1244 2101 005

387 2124 528 2197 Stiriaque
543 2126 651 2195 inpexis
667 2125 790 2180 induruit
808 2126 920 2180 horrida
936 2126 1036 2181 barbis.

388 2204 504 2264 Interea
520 2206 581 2259 toto
597 2219 652 2255 nou
670 2202 756 2256 setius
774 2219 838 2257 aere
856 2204 977 2271 ninguit:

388 2282 538 2336 Interennt
554 2280 682 2351 pecudes,
701 2282 776 2332 stant
794 2281 957 2335 circumfusa
974 2280 1080 2349 pruinis

388 2360 479 2429 (iorpo
527 2374 627 2425 magna
643 2357 733 2424 boum,
750 2357 927 2425 confertoque
943 2357 1051 2425 agmine
1067 2354 1141 2408 cervi

388 2375 512 2504 Torpeiri
522 2434 595 2488 mole
605 2449 675 2487 nova
686 2437 716 2487 et
728 2433 841 2487 summis
853 2435 899 2486 vix
911 2432 1037 2486 cornibus
1049 2432 1165 2484 exstant.
1209 2443 1246 2482 010

389 2512 453 2566 Hos
470 2528 524 2564 non
541 2510 659 2564 inmissis
678 2510 795 2576 canibus,
814 2526 868 2563 uon
886 2509 1006 2563 cassibus
1024 2508 1086 2561 ullis

389 2587 561 2642 Puniceaere
577 2588 684 2655 agitant
702 2587 815 2656 pavidos
832 2586 976 2640 formidine
994 2600 1106 2653 pennae,

389 2663 448 2719 Sed
464 2664 568 2719 frustra
585 2664 740 2733 oppositum
758 2663 899 2718 trudentis
917 2667 1030 2734 pectore
1048 2665 1169 2715 montom

390 2741 549 2796 Comminus
566 2741 732 2795 obtruncant
748 2742 830 2811 ferro,
848 2743 1025 2811 graviterque
1043 2738 1169 2793 rudentis

390 2818 527 2887 Caedunt,
544 2823 573 2874 et
590 2836 689 2887 magno
706 2819 772 2873 laeti
791 2820 909 2873 clamore
927 2820 1077 2888 reportant.
1212 2828 1248 2867 000

392 2895 453 2965 Ipsi
470 2895 499 2950 in
517 2895 632 2951 defossis
650 2897 785 2966 specubus
804 2914 900 2951 secura
918 2897 968 2949 sub
987 2896 1044 2950 alta

391 2973 459 3027 Otia
475 2977 561 3043 agunt
578 2978 661 3042 terra,
679 2979 867 3044 congestaque
885 2974 986 3027 robora
1004 2975 1132 3038 totasque

393 3049 551 3106 Advolvere
567 3052 634 3106 focis
652 3053 739 3106 ulmos
757 3052 871 3121 ignique
889 3050 999 3104 dedero.

393 3126 451 3181 Hic
467 3131 575 3183 noctem
593 3130 658 3183 ludo
677 3130 788 3198 ducunt,
807 3134 837 3184 et
857 3127 955 3199 pocula
972 3126 1038 3179 laeti

394 3203 545 3260 Fermento
561 3210 646 3275 atquo
664 3207 749 3262 acidis
767 3208 911 3262 imitantur
928 3203 1000 3257 vitea
1018 3195 1114 3252 sorbis.
1215 3209 1253 3247 000

394 3280 470 3334 Talis
488 3282 669 3352 Hyperboreo
687 3286 799 3353 Septem
819 3284 943 3338 subiecta
961 3275 1043 3332 trioni

395 3356 472 3411 Gens
489 3358 592 3415 effrena
608 3361 697 3415 virum
716 3362 840 3431 Rhipaeo
857 3358 985 3413 tunditur
1003 3353 1083 3414 nure,

393 3432 433 3485 Et
444 3434 581 3499 pecudum
599 3436 683 3491 fulvis
702 3439 812 3494 velatur
830 3453 950 3508 corpora
967 3430 1065 3490 saetis.

414 3505 450 3557 si
465 3506 519 3560 tihi
532 3510 662 3567 lanitium
683 3531 779 3585 curae,
798 3517 932 3588 primum
948 3530 1057 3587 aspera
1073 3508 1162 3570 situas

367 3574 542 3647 sacramus
559 3586 728 3661 tubouque,
749 3595 872 3665 essene
887 3595 963 3668 ruge
981 3584 1220 3667 separassem,
1269 3581 1275 3595 ·
