3242 4159
387 528 418 574 30
611 524 641 574 P.
663 524 814 573 VERGILI
830 525 997 578 MARONIS

388 605 472 660 Haud
488 606 603 661 obscura
620 606 720 659 cadens
737 605 831 659 mittct
848 605 898 659 tibi
916 609 993 677 signa
1011 610 1134 665 Bootes:

389 682 488 751 Incipe,
506 688 535 737 et
553 683 590 736 ad
608 682 711 735 medias
730 685 881 735 sementem
899 687 1019 740 extende
1038 687 1160 756 pruinas
1211 702 1246 743 m

423 759 528 812 Idcirco
546 760 629 812 certis
648 757 800 810 dimensum
820 759 944 825 partibus
962 762 1056 816 orbem

388 830 443 890 Per
460 835 587 888 duodena
603 835 675 901 regit
692 833 787 887 mundi
805 834 851 887 Sol
869 852 968 891 aureus
985 843 1068 893 astra

389 912 513 982 Quinque
531 914 628 965 tenent
647 910 751 965 caelum
769 926 870 976 zonae;
889 930 1004 980 quarum
1022 931 1078 967 una
1094 930 1210 970 corusco

389 989 503 1058 Semper
520 987 575 1041 sole
592 988 694 1040 rubens
712 989 742 1039 et
759 986 864 1039 torrida
882 1004 991 1058 semper
1008 988 1043 1044 ab
1060 990 1133 1058 igni-3

389 1066 477 1131 Quam
488 1066 588 1118 circum
601 1067 740 1117 extremae
753 1062 853 1116 dextra
864 1064 996 1134 laevaque
1007 1066 1165 1132 trahuntur,
1209 1081 1248 1122 ²35

389 1141 521 1196 Caemlea
538 1140 624 1208 glacie
642 1142 785 1193 concretae
802 1143 887 1207 atquc
904 1142 1037 1195 imbribus
1055 1142 1142 1207 atris;

390 1217 450 1270 Has
466 1218 540 1271 inter
558 1216 731 1284 mediamque
749 1215 821 1268 duae
839 1217 1000 1271 mortalibus
1017 1218 1108 1286 aegris

389 1293 506 1347 Munere
524 1308 667 1347 concessae
686 1292 783 1359 divom,
802 1295 832 1346 et
850 1293 893 1346 via
911 1297 987 1348 secta
1002 1310 1054 1361 per
1070 1292 1175 1359 ambas,

390 1370 522 1439 Obliquus
540 1386 594 1438 qua
612 1385 642 1422 se
661 1369 798 1435 signorum
816 1372 940 1423 verteret
958 1370 1032 1424 ordo.

390 1446 515 1510 Mundus,
526 1449 558 1498 ut
570 1445 606 1498 ad
619 1444 754 1511 Scythiam
773 1444 963 1514 Rhipaeasque
975 1446 1076 1499 arduus
1087 1460 1166 1499 ames
1209 1458 1249 1499 aso

391 1522 543 1589 Consurgit,
561 1520 695 1588 premitur
713 1518 816 1587 Libyae
834 1521 954 1575 devexus
971 1522 1000 1575 in
1018 1524 1134 1575 austros.

390 1597 444 1651 Hic
461 1600 558 1650 vertex
575 1595 652 1649 nobis
670 1612 778 1663 semper
796 1595 933 1663 sublimis;
952 1601 982 1652 at
999 1598 1076 1651 illum

390 1673 447 1727 Sub
464 1672 580 1742 pedibus
598 1672 666 1740 Styx
683 1675 745 1725 atra
761 1671 839 1726 videt
856 1673 1006 1744 Manesque
1024 1671 1162 1743 profundi.

390 1750 535 1804 Mamurius
551 1749 595 1803 hic
613 1749 686 1802 flexu
703 1749 811 1802 sinuoso
829 1748 948 1803 elabitur
967 1750 1073 1820 Anguis
1165 1742 1169 1756 '

391 1826 499 1881 Circum
516 1843 620 1897 perque
638 1825 707 1880 duas
723 1826 752 1880 in
769 1842 874 1879 morem
892 1826 1008 1880 fluminis
1026 1827 1137 1891 Arctoa
1208 1840 1248 1879 aas

391 1903 492 1955 Arctos
511 1902 612 1956 Oceani
628 1902 776 1956 metuentis
794 1918 913 1969 aequore
930 1902 1025 1970 tingui

390 1978 457 2046 Illic,
475 1981 507 2032 ut
524 1977 677 2045 perhibent,
694 1980 743 2031 aut
760 1977 927 2045 intempesta
944 1978 1007 2032 silet
1023 1994 1077 2032 nox

391 2056 511 2122 Semper,
530 2056 560 2107 et
576 2051 690 2106 obtenta
707 2052 857 2106 densantur
869 2058 950 2109 nocte
964 2054 1102 2120 wnebrae,

391 2131 450 2183 Aut
467 2129 541 2182 redit
558 2145 575 2181 a
592 2127 670 2181 nobis
689 2129 799 2182 Aurora
818 2130 945 2198 diemque
963 2130 1078 2198 reducit,

390 2205 502 2273 Nosque
519 2204 567 2258 ubi
584 2204 687 2273 primus
705 2199 781 2272 equis
800 2204 898 2259 Oriens
915 2206 1028 2260 adflavit
1044 2204 1157 2273 anhelis,
1204 2219 1247 2261 550

391 2280 451 2334 Illic
469 2297 530 2334 scra
546 2280 646 2334 rubens
664 2280 789 2333 accendit
806 2280 907 2335 lumina
925 2281 1038 2349 Vesper.

391 2356 462 2410 Hinc
480 2358 659 2426 tempestates
678 2355 759 2409 dubio
776 2357 950 2424 praediscere
966 2357 1041 2411 caelo

391 2431 545 2501 Possumus,
562 2432 625 2487 hinc
641 2432 792 2501 messisque
810 2432 882 2486 diem
900 2435 1063 2502 tempusque
1080 2432 1199 2499 serendi,

390 2509 427 2563 Ilt
445 2509 554 2577 quando
571 2509 685 2563 infidum
703 2508 785 2562 remis
802 2508 933 2576 inpellere
950 2525 1069 2563 marmor

391 2585 546 2652 Conveniat,
565 2585 675 2653 quando
692 2587 811 2637 anuatas
830 2583 966 2637 deducere
983 2584 1083 2648 classis,
1204 2599 1244 2641 2⁵⁵

391 2661 450 2714 Aut
467 2661 657 2727 tempestivam
675 2659 749 2713 silvis
766 2662 893 2713 evertere
910 2660 1017 2729 pinum:

390 2735 416 2789 N
418 2751 449 2788 ec
466 2731 569 2788 frustra
587 2736 724 2802 signorum
741 2734 831 2788 obitus
848 2736 1020 2803 speculamur
1036 2740 1067 2790 et
1083 2740 1170 2804 ortus,
1260 2757 1286 2800 ο

390 2810 622 2879 Temporibusque
640 2826 735 2879 parem
753 2809 868 2864 diversis
885 2815 1015 2879 quattuor
1032 2828 1140 2868 annum.

425 2885 554 2953 Frigidus
571 2885 716 2954 agricolam
735 2886 757 2939 si
774 2887 884 2955 quando
902 2888 1023 2943 continet
1040 2888 1136 2957 imber,

389 2961 485 3027 Multa,
503 2962 593 3015 forent
611 2978 682 3031 quae
699 2978 763 3015 mox
781 2962 856 3016 caelo
873 2966 1048 3031 properanda
1064 2980 1170 3033 sereno,
1205 2980 1246 3020 aar

389 3039 530 3092 Maturare
548 3038 643 3092 datur:
664 3037 764 3091 durum
781 3038 911 3109 procudit
927 3044 1021 3094 arator

389 3113 516 3169 Vomcris
533 3113 642 3169 obtunsi
660 3114 779 3183 dentem,
797 3117 877 3168 cavat
894 3115 992 3170 arbore
1009 3116 1112 3182 lintres,

389 3191 449 3245 Aut
466 3190 557 3259 pecori
575 3191 682 3259 signum
700 3194 748 3245 aut
765 3208 893 3245 numeros
910 3192 1041 3260 inpressit
1057 3192 1170 3246 acervis

389 3268 532 3321 Exacuunt
550 3267 594 3321 alii
611 3267 696 3320 vallos
713 3266 859 3334 trucesque
877 3267 1001 3335 bicornis,

383 3344 484 3411 Atque
499 3344 634 3399 Amerina
650 3346 751 3415 parant
767 3343 861 3398 lentae
878 3344 1029 3397 retinacula
1043 3344 1102 3397 viti.
1204 3357 1245 3398 aas

367 3416 455 3471 Nunc
470 3419 562 3475 facilis
580 3420 671 3477 rubea
689 3424 807 3478 texatur
826 3420 925 3475 fiscina
938 3418 1037 3488 uirga,

355 3487 442 3546 Nunc
461 3498 577 3555 tenete
593 3500 658 3570 igni
676 3502 789 3571 fruges,
807 3515 886 3553 nunc
899 3494 1028 3562 irangite
1044 3505 1124 3543 sano.

355 3559 460 3638 luppo
481 3574 578 3634 etiam
595 3578 687 3637 festis
709 3578 864 3651 quaedam
882 3583 1028 3629 exercere
1043 3562 1151 3618 essum
