3242 4159
382 525 428 569 154
609 522 639 571 P.
659 521 814 571 VERGILI
831 521 999 570 MARONIS

381 600 419 655 nt
430 601 515 669 solem
526 600 664 669 geminum
677 604 706 654 et
718 600 835 669 duplicis
846 616 876 654 se
887 600 1035 657 ostendere
1047 603 1170 667 Thebas;
1196 616 1228 655 uo
1275 609 1276 640 l

381 676 441 729 Aut
458 676 690 744 Agamemnonius
708 677 813 729 scaenis
830 676 951 743 agitatus
970 676 1086 733 Orestes

381 753 526 805 Armatam
543 752 645 805 facibus
663 756 779 806 matrem
798 756 827 805 et
845 752 1019 820 serpentibus
1036 756 1106 809 atris

381 827 449 882 Cum
467 828 546 897 fugit,
564 828 731 895 ultricesque
750 829 848 881 sedent
865 828 893 880 in
911 827 1005 883 limine
1022 830 1116 885 Dirae

415 904 488 972 Ergo
504 904 552 957 ubi
570 905 695 972 concepit
711 904 797 957 furias
816 904 905 958 evicta
923 903 1017 959 dolore
1135 957 1138 964 ,

381 980 564 1049 Decrevitque
581 980 659 1048 mori,
677 983 786 1048 tempus
805 996 898 1033 secum
916 979 974 1049 ipsa
991 981 1161 1053 modumque
1200 998 1231 1038 sn

381 1055 481 1124 Exigit,
500 1060 536 1124 et,
556 1060 689 1109 maestam
707 1056 789 1109 dictis
807 1056 939 1123 adgressa
956 1073 1086 1127 sororem,

381 1131 530 1187 Consilium
547 1132 624 1187 voltu
642 1132 719 1200 tegit,
738 1148 770 1185 ac
788 1149 865 1200 spem
882 1131 973 1185 fronte
991 1137 1115 1189 serenat:

381 1208 484 1275 Inveni,
502 1225 639 1277 germana,
657 1209 881 1276 riam-gratare
899 1208 1022 1262 sorori-

382 1286 458 1349 Quae
476 1285 542 1337 mihi
560 1285 661 1340 reddat
679 1301 749 1351 eum,
767 1283 811 1338 vel
829 1299 862 1337 eo
879 1300 924 1337 me
942 1284 1031 1338 solvat
1048 1288 1195 1340 amantem.
1267 1307 1270 1313 ’

381 1360 483 1414 Oceani
500 1361 582 1415 finem
600 1361 678 1415 iuxta
695 1360 835 1428 solemque
853 1359 997 1413 cadentem
1199 1376 1232 1416 rso

381 1437 502 1492 Ultimus
520 1436 689 1505 Aethiopum
707 1435 781 1489 locus
799 1436 915 1500 est,›ubi
932 1453 1076 1491 maxumus
1093 1437 1177 1492 Atlas

382 1514 474 1567 Axcm
491 1514 604 1565 humero
623 1514 735 1579 torquet
753 1510 841 1564 stellis
859 1510 1021 1565 ardentibus
1038 1515 1149 1581 aptum:

382 1589 455 1642 Hinc
472 1588 538 1641 mihi
556 1588 692 1655 Massylae
709 1586 800 1654 gentis
818 1590 970 1641 monstrata
987 1588 1121 1654 sacerdos,

382 1664 569 1734 Hesperidum
587 1663 682 1731 templi
701 1667 799 1730 custos,
819 1663 969 1732 epulasque
986 1663 1099 1717 draconi

383 1740 459 1805 Quae
477 1739 561 1794 dabat
580 1743 609 1794 et
627 1756 717 1793 sacros
736 1739 864 1793 servabat
881 1740 910 1791 in
928 1738 1026 1793 arbore
1043 1757 1143 1807 ramos,
1200 1755 1233 1792 aaa

381 1817 520 1885 Spargena
538 1816 652 1870 humida
669 1815 750 1869 mella
761 1815 998 1884 soporiferumque
1015 1832 1142 1885 papaver.

382 1892 460 1946 Haec
478 1910 507 1946 se
525 1892 688 1946 carminibus
705 1891 844 1959 promittit
862 1891 967 1945 solvere
985 1897 1102 1959 mentes,

383 1969 455 2032 Quas
473 1967 548 2035 velit,
565 1971 609 2021 ast
620 1967 686 2019 -aliis
703 1966 785 2019 duras
803 1966 943 2020 inmittere
960 1983 1054 2033 curas3

382 2042 486 2097 Sistere
502 2059 602 2111 aquam
621 2042 716 2106 fluviis,
734 2045 763 2095 ct
781 2046 890 2095 vertere
908 2042 999 2096 sidera
1016 2046 1107 2111 rctr03

381 2118 407 2171 N
410 2122 591 2187 octurnosque
609 2118 665 2171 cict
683 2118 787 2182 Manis;
805 2119 910 2185 mugire
928 2118 1035 2172 videbis
1201 2136 1233 2173 aaa

381 2184 438 2248 ilub
455 2194 573 2263 pedibus
591 2197 701 2261 terram,
720 2197 749 2247 et
767 2193 934 2247 descendere
951 2194 1089 2249 montibus
1106 2212 1194 2252 ornos

382 2271 486 2337 Testor,
506 2287 576 2337 cara,
596 2270 662 2323 deos
680 2273 709 2323 et
726 2272 763 2337 to,
780 2286 918 2338 germana,
939 2274 1072 2339 tuumque

382 2346 469 2401 Dulce
488 2350 577 2415 caput,
594 2346 714 2414 magicas
731 2346 844 2399 invitam
863 2346 997 2413 accingier
1014 2348 1090 2402 artis.

382 2423 422 2476 Tu
440 2427 546 2477 secreta
563 2438 657 2492 pyram
675 2425 749 2476 tecto
766 2421 897 2476 interiore
915 2421 965 2475 sub
983 2439 1063 2476 auras

382 2499 472 2567 Erige,
491 2503 520 2553 et
537 2516 613 2552 arma
630 2498 689 2566 viri,
708 2497 828 2551 thalamo
846 2514 917 2565 quae
934 2497 989 2551 fixa
1006 2498 1121 2566 reliquit
1201 2514 1236 2553 aot

382 2573 494 2644 Impius,
512 2576 677 2643 exuviasque
695 2575 789 2642 omnis,
807 2573 964 2642 lectumque
981 2574 1107 2641 iugalem,

382 2649 441 2713 Quo
459 2651 537 2719 perii,
555 2652 782 2719 superinponant:
802 2649 913 2703 abolere
930 2649 1039 2703 nefandi

382 2725 487 2779 Cuncta
505 2726 555 2778 viri
573 2729 749 2779 monumenta
766 2726 851 2793 iuvat,
870 2728 1059 2795 monstratque
1077 2724 1213 2779 sacerdos.

382 2800 460 2855 Haec
478 2801 560 2855 effata
578 2801 655 2865 silet;
674 2801 762 2870 pallor
779 2802 860 2855 simul
877 2804 992 2869 occupat
1009 2818 1064 2854 ora.

381 2876 445 2931 Non
462 2880 554 2931 tamen
574 2878 655 2930 Anna
673 2877 748 2931 novis
766 2882 930 2945 praetexere
948 2877 1045 2931 funere
1063 2877 1147 2930 sacris
1201 2891 1238 2928 no

382 2954 545 3007 Germanam
563 2952 659 3018 credit,
678 2969 727 3007 nec
744 2956 836 3007 tantos
854 2956 946 3007 mente
962 2953 1069 3006 furores

382 3029 514 3098 Concipit,
532 3033 581 3084 aut
597 3030 722 3097 graviora
739 3030 827 3097 timet,
847 3045 930 3098 quam
947 3031 1037 3083 morte
1056 3028 1177 3097 Sychaei.

382 3106 455 3173 Ergo
472 3107 546 3160 iussa
563 3109 649 3176 parat.

418 3185 457 3235 At
476 3184 576 3251 regina,
594 3200 662 3252 pyra
679 3182 815 3251 penetrali
833 3183 861 3235 in
879 3182 946 3236 sede
964 3180 1015 3234 sub
1034 3197 1115 3235 auras

382 3258 481 3312 Erecta
498 3260 602 3328 ingenti
619 3258 709 3313 taedis
727 3261 811 3326 atque
829 3258 891 3312 ilice
909 3261 991 3327 secta,
1203 3273 1242 3311 soa

383 3333 562 3403 Intenditque
581 3336 669 3389 locum
688 3333 768 3388 sertis
787 3336 817 3388 et
834 3334 932 3388 froude
949 3336 1063 3397 coronat

375 3409 520 3478 Facerem
540 3428 625 3483 super
643 3412 756 3467 exuvias
773 3427 921 3481 ensemque
936 3410 1065 3462 relictum

359 3484 553 3559 Effiffiemque
574 3495 637 3547 toro
657 3484 742 3559 locat,
759 3488 841 3545 haud
855 3488 958 3557 ignara
970 3482 1070 3538 raum.

344 3556 439 3616 Stant
456 3581 529 3622 arae
549 3570 671 3639 circum,
692 3572 724 3626 et
744 3567 835 3623 crinis
854 3564 947 3619 effusa
961 3554 1098 3614 sacerdos
