3242 4159
388 530 420 577 92
627 524 655 570 P.
675 520 828 569 VERGILI
846 519 1012 567 Mauortis

388 607 478 674 Perge
495 605 583 670 modo,
602 607 686 671 atque
705 602 767 654 hinc
785 604 814 654 te
832 600 943 667 reginae
961 598 998 652 ad
1014 600 1109 655 limina
1125 602 1230 671 perfer.

388 683 514 750 Namque
532 681 582 734 tibi
601 680 715 732 reduces
734 677 820 730 socios
838 676 1008 745 classemque
1026 677 1142 730 relatam
1210 694 1250 735 aso

388 759 492 812 Nuntio
511 758 585 811 etin
603 760 695 809 tutum
713 755 798 807 versis
818 754 991 820 aquilonibus
1009 760 1107 820 actain,

388 835 425 888 Ni
443 836 545 890 frustra
563 833 707 900 augurium
726 831 789 884 vani
809 830 927 882 docuere
946 834 1082 898 parentes.

389 913 491 980 Aspice
509 911 551 963 bis
570 926 648 962 senos
666 907 793 960 laetantis
812 907 920 973 agriiinc
939 922 1041 974 cycnos,

388 988 522 1041 Aetheria
540 1003 607 1053 quos
625 985 702 1052 lapsa
718 983 800 1051 plaga
820 983 893 1035 lovis
911 984 968 1036 ales
986 986 1084 1052 aperto
1178 1014 1180 1018 ·
1202 1045 1205 1050 ,

388 1065 527 1118 Turbabat
546 1063 635 1126 caelo;
654 1077 725 1113 nunc
744 1063 835 1113 terras
853 1061 950 1114 ordine
969 1061 1049 1128 longo
1210 1077 1249 1116 ssa

389 1144 448 1194 Aut
466 1158 562 1209 capere
580 1142 629 1193 aut
647 1142 740 1207 captas
758 1138 813 1190 iam
831 1138 993 1206 despectare
1011 1137 1155 1192 videntur:

388 1218 428 1271 Ut
446 1218 561 1270 reduces
579 1216 618 1269 illi
636 1215 736 1269 ludunt
754 1214 935 1267 stridentibus
953 1215 1010 1281 alis,

389 1292 425 1346 llt
443 1298 523 1348 coetu
541 1293 651 1347 cinxere
669 1293 768 1360 polum,
786 1295 939 1359 cantusque
957 1290 1067 1357 dedere,

388 1369 474 1424 Haud
492 1371 572 1425 aliter
589 1375 748 1438 puppesque
766 1372 831 1421 tuac
848 1366 991 1437 pubesque
1010 1371 1120 1420 tuorum

388 1450 448 1500 Aut
465 1450 575 1514 portum
594 1448 685 1512 tenet,
697 1449 745 1498 aut
763 1445 844 1512 pleno
864 1444 937 1497 subit
957 1446 1027 1498 ostia
1044 1444 1112 1497 velo.
1210 1459 1248 1497 soo

388 1521 478 1591 Perge
495 1522 584 1589 modo,
602 1526 639 1587 et,
658 1525 760 1588 quate
778 1521 855 1574 ducit
873 1522 923 1586 via,
944 1521 1031 1587 dirige
1049 1537 1184 1587 gressum.

423 1599 507 1661 Dixit,
527 1602 555 1651 et
574 1601 700 1651 avertens
719 1613 797 1649 rosea
817 1597 923 1649 cervice
941 1598 1055 1662 refulsit,

389 1674 606 1743 Ambrosiaeque
625 1690 718 1726 comae
737 1673 858 1726 divinum
877 1676 980 1734 vertice
997 1674 1110 1727 odorem

388 1752 539 1820 spiravere,
558 1751 644 1819 pedes
663 1752 747 1804 vestis
766 1750 883 1803 defluxit
901 1751 938 1803 ad
956 1751 1031 1817 imos,

388 1829 426 1883 Et
443 1845 507 1882 vera
522 1829 630 1882 incessu
647 1829 737 1896 patuit
756 1828 815 1882 dea
853 1826 905 1881 Ille
923 1827 971 1880 ubi
989 1829 1107 1881 matrem
1209 1840 1247 1877 roe

367 1965 370 1970 ¹
388 1906 539 1973 Adgnovit,
556 1905 606 1958 tali
623 1906 774 1972 fugientem
794 1907 838 1958 est
855 1920 921 1958 voce
939 1908 1062 1957 secutus:

389 1980 461 2044 Quid
480 1985 574 2034 natum
593 1981 703 2052 totiens,
723 1979 842 2033 crudelis
860 1983 893 2033 tu
911 1997 1027 2049 quoque,
1045 1979 1121 2034 falsis

387 2056 474 2109 Ludis
492 2057 671 2124 imaginibusl
690 2074 739 2110 cur
756 2057 873 2110 dextrae
891 2057 1004 2124 iungere
1022 2056 1151 2109 dextram

387 2132 413 2186 N
416 2150 451 2186 on
468 2133 550 2186 datur
568 2150 599 2186 ac
617 2150 695 2187 veras
714 2133 810 2186 audire
830 2137 860 2186 et
877 2133 995 2186 rcddcre
1010 2133 1111 2186 voecsl

388 2208 498 2263 Talibus
515 2209 630 2276 incusat,
648 2225 829 2276 gressumque
848 2210 883 2261 ad
901 2209 1008 2262 moenia
1025 2207 1124 2262 tendit.
1212 2223 1247 2261 rio

388 2285 429 2339 At
448 2285 541 2339 Venus
559 2286 674 2339 obscuro
692 2286 845 2353 gradientis
862 2303 926 2339 aere
945 2286 1055 2354 saepsit,

388 2360 425 2415 Et
441 2363 528 2415 multo
546 2363 663 2417 nebulae
681 2363 783 2416 circum
802 2364 855 2416 dea
873 2362 946 2415 fudit
963 2363 1072 2430 amictu,

388 2437 507 2492 Cernere
525 2456 560 2493 ne
579 2440 640 2507 quis
658 2455 712 2505 eos,
730 2455 783 2491 neu
803 2438 864 2505 quis
885 2440 1043 2505 contingere
1060 2441 1162 2506 posset,

386 2513 513 2569 Molirive
531 2532 643 2582 moram,
661 2519 710 2569 aut
728 2514 857 2568 veniendi
876 2530 988 2582 poscere
1007 2531 1144 2580 caussas.⁸

387 2590 454 2658 Ipsa
472 2591 596 2660 Paphum
614 2592 735 2645 sublimis
753 2591 820 2657 abit,
839 2590 973 2659 sedesque
990 2591 1085 2643 revisit
1207 2606 1245 2643 sis

387 2666 473 2719 Laeta
491 2684 561 2735 suas,
580 2668 626 2720 ubi
645 2668 778 2735 templum
797 2668 844 2734 illi,
865 2672 1031 2735 centumque
1050 2666 1155 2721 Sabaeo

387 2741 458 2795 Ture
476 2743 566 2796 calent
584 2761 648 2796 arae
667 2744 804 2812 sertisque
824 2744 980 2798 recentibus
998 2743 1099 2797 halant.

422 2818 585 2886 Corripuere
603 2819 674 2872 viam
693 2820 806 2888 interea,
828 2838 883 2889 qua
900 2821 999 2875 semita
1016 2823 1159 2874 monstrat.

387 2895 501 2962 Iamque
520 2896 705 2949 ascendebant
724 2897 828 2965 collem,
849 2898 896 2967 qui
915 2898 1048 2966 plurimus
1065 2896 1127 2949 urbi

387 2970 518 3025 Imminet
535 2970 719 3039 adversasque
738 2974 881 3043 adspectat
900 2975 1020 3042 desuper
1037 2990 1120 3027 arces.
1204 2988 1242 3025 sao

357 3076 359 3082 ,
386 3046 505 3101 Miratur
522 3048 622 3101 molem
642 3050 758 3115 Aeneas
778 3051 894 3119 magalia
913 3051 1059 3118 quondam,

386 3124 505 3178 Miratur
521 3129 616 3193 portas
634 3126 836 3196 strepitumque
855 3132 885 3182 et
904 3132 991 3182 strata
1009 3128 1123 3181 viarum.

387 3201 496 3254 Instant
514 3203 643 3256 ardentes
662 3203 735 3271 Tyrii
752 3220 817 3271 pars
836 3204 937 3258 duccro
955 3221 1047 3257 muros

385 3276 530 3345 Moliriquc
548 3297 638 3333 arcein
657 3284 685 3333 et
704 3280 829 3333 manibus
848 3280 1009 3334 subvolvere
1026 3297 1099 3341 saxa,

385 3352 453 3406 Pars
472 3359 567 3421 optare
584 3356 673 3409 locum
692 3360 766 3409 tecto
784 3359 814 3409 et
831 3356 993 3409 concludere
1011 3356 1099 3421 sulco;
1204 3372 1242 3412 aaa

376 3428 446 3480 Iura
461 3431 699 3501 nraffistratusquc
717 3433 815 3501 legunt
834 3435 1014 3501 sanctumque
1031 3437 1175 3493 senatum3

355 3500 418 3552 Hie
427 3509 536 3568 portus
552 3509 605 3563 alii
620 3512 777 3567 effodiunt:
794 3512 844 3566 hic
861 3512 922 3565 alta
938 3508 1046 3563 tlieatri

347 3568 549 3635 llvndamenta
570 3586 675 3646 locant
692 3590 757 3661 alii,
775 3588 965 3657 inmaniaque
982 3582 1133 3637 columnas
