3242 4159
378 529 410 578 ΞΒ
615 525 645 576 Ρ.
664 523 819 573 VERGILI
836 524 1003 574 MARONIS

378 607 536 663 Deficerent
553 605 636 660 silvae
653 606 802 660 strictum
820 605 935 660 Dodona
951 609 1073 681 negaret

378 685 444 739 Mox
463 687 492 737 et
509 682 653 736 frumentis
670 681 748 735 labor
766 682 882 749 additus,
900 687 933 738 ut
950 682 1023 737 mala
1039 682 1144 739 culmos
1203 700 1239 742 ιω

378 762 459 816 Esset
475 758 570 827 robigo
589 758 733 827 segnisque
751 757 877 812 horreret
894 760 922 813 in
940 761 1011 813 arvis

379 838 517 903 (larduus3
533 836 675 888 intereunt
694 839 809 905 segetes,
829 836 903 890 subit
921 854 1018 906 aspera
1035 838 1111 905 silva,

378 916 542 985 Lappaeque
560 912 714 981 tribolique,
733 913 862 981 interque
880 914 996 967 nitentia
1013 914 1086 970 culta

379 992 478 1047 Infelix
495 990 588 1045 lolium
606 992 636 1044 ot
653 989 760 1043 sten'les
779 990 955 1043 dominantur
972 1007 1081 1045 avenae.

379 1068 526 1133 Quodnisi
544 1069 574 1121 et
592 1066 714 1120 adsiduis
732 1065 846 1121 herbam
864 1067 1035 1121 insectabere
1051 1068 1157 1136 rastris,
1204 1083 1243 1122 15⁵

378 1144 415 1198 llt
430 1144 521 1197 sonitu
538 1143 656 1199 terrebis
674 1160 745 1212 ares,
763 1144 881 1198 etruria
899 1143 975 1211 opaci

379 1221 460 1274 Falce
476 1237 585 1289 premes
604 1220 738 1289 umbram,
756 1220 882 1288 rotisque
900 1218 1039 1273 vocareris
1055 1218 1180 1288 imbrem,

379 1296 451 1365 Heu,
468 1313 597 1365 magnum
615 1295 727 1350 alterius
744 1296 849 1349 furstra
868 1294 1006 1364 spectabis
1022 1310 1157 1362 acervum,
1212 1355 1216 1362 ,

379 1373 570 1441 Concussaque
587 1372 689 1427 famem
705 1373 734 1426 in
751 1372 826 1426 silvis
845 1372 970 1425 solabere
987 1375 1097 1440 quercu
1215 1371 1217 1375 ’

413 1448 566 1503 Dicendum
584 1452 621 1517 et,
639 1465 709 1516 quae
726 1450 781 1502 sint
800 1448 875 1501 duris
894 1447 1048 1516 agrestibus
1065 1464 1149 1516 arma,
1205 1461 1245 1502 loo

379 1524 444 1589 Quis
462 1526 519 1579 sine
538 1542 589 1579 nec
605 1528 721 1594 potuere
739 1525 793 1578 seri
811 1541 863 1578 nec
881 1540 994 1591 surgere
1010 1541 1129 1580 messes:

379 1600 474 1655 Vomis
495 1603 526 1658 et
542 1601 634 1655 inflexi
652 1601 769 1669 primum
787 1616 871 1669 grave
890 1600 974 1653 robur
992 1602 1084 1669 aratri,
1144 1635 1148 1639 -

378 1676 524 1746 Tardaque
543 1677 688 1731 Eleusinae
706 1678 803 1730 matris
821 1676 959 1730 volventia
976 1671 1107 1747 plaustra,

378 1752 550 1823 Tribulaque‚
571 1754 747 1822 traheaeque,
766 1755 796 1806 et
813 1753 907 1822 iniquo
926 1754 1048 1821 pondere
1064 1752 1162 1820 rastri3

379 1828 481 1898 Virgea
498 1834 644 1899 praeterea
663 1829 870 1897 Celeivilisque
888 1829 1019 1897 supellex,
1206 1843 1244 1884 ns

380 1905 521 1959 Arbuteae
539 1909 629 1959 crates
647 1909 676 1959 et
694 1906 807 1973 mystica
825 1921 928 1958 vannus
947 1905 1045 1960 Iacchi
1076 1936 1078 1940 ·

380 1980 566 2049 Omnisque
584 1981 670 2034 multo
689 1984 753 2034 ante
772 1995 877 2033 memor
894 1981 1144 2048 prorisa'repoues,

380 2056 409 2111 Si
426 2060 456 2111 te
474 2056 557 2125 digna
576 2059 668 2110 manet
686 2056 770 2111 divini
788 2056 874 2124 gloria
891 2057 969 2111 ruris.

381 2132 515 2187 Continuo
533 2132 562 2186 in
578 2133 654 2189 silvis
672 2149 770 2201 magna
789 2133 816 2186 vi
834 2133 905 2187 flexa
925 2133 1054 2187 domatur

381 2207 415 2263 In
433 2207 523 2262 burim
542 2213 571 2263 et
589 2209 663 2263 curvi
681 2210 795 2264 formam
816 2211 913 2278 accipit
930 2210 1020 2263 ulmus
1038 2208 1129 2264 aratri.
1209 2221 1245 2264 rso

381 2283 453 2337 Huic
469 2284 504 2338 ab
523 2285 608 2353 stirpe
627 2285 712 2353 pedes
731 2288 805 2339 temo
824 2290 971 2356 protentus
988 2286 1015 2338 in
1033 2288 1104 2353 octo,

380 2358 465 2413 Binae
484 2377 571 2429 aures,
591 2361 691 2430 duplici
710 2365 842 2430 aptantur
862 2362 982 2416 dentalia
999 2362 1088 2415 dorso.

380 2435 512 2490 Caeditur
531 2440 560 2491 ct
578 2437 637 2491 tilia
656 2441 722 2492 ante
740 2438 803 2505 iugo
822 2438 896 2506 levis,
917 2439 1027 2507 altaque
1045 2439 1122 2506 fagus

380 2512 517 2581 suraque,
537 2529 607 2582 quae
625 2529 719 2567 cursus
738 2531 755 2568 a
773 2518 852 2581 tergo
873 2518 1002 2582 torqueat
1018 2515 1102 2581 imos3

379 2586 416 2641 ut
435 2604 565 2657 suspensa
583 2590 650 2643 focis
670 2590 795 2659 explorat
806 2590 913 2643 ¹robora
930 2592 1027 2644 fumus.
1209 2603 1246 2645 175

415 2662 527 2716 Possum
546 2664 634 2718 multa
651 2665 702 2718 tibi
721 2670 845 2719 veterum
864 2671 1012 2737 praecepta
1028 2670 1140 2735 referre,
1280 2670 1285 2678 '

380 2738 417 2791 Ni
434 2739 536 2806 refugis
555 2741 700 2808 tensusque
720 2742 797 2810 piget
816 2759 979 2810 cognoscere
996 2758 1081 2797 curas.

381 2815 456 2868 Area
474 2831 535 2870 cum
554 2815 649 2885 primis
668 2816 772 2885 ingenti
792 2820 938 2887 aequanda
955 2819 1076 2887 cylindro

381 2891 418 2945 llt
435 2890 569 2944 vertenda
587 2909 668 2946 manu
688 2897 718 2948 et
736 2898 814 2949 creta
833 2896 974 2950 solidanda
992 2896 1088 2955 tenaci.

381 2966 424 3021 Ne
442 2967 558 3022 subeant
577 2968 686 3037 herbae,
707 2988 760 3024 neu
778 2972 891 3040 pulvere
910 2973 984 3027 victa
1000 2972 1115 3040 fatiscat,
1211 2988 1249 3027 1so

380 3043 449 3097 'lum
466 3044 556 3099 variae
575 3044 702 3100 inludant
719 3052 828 3116 pestes:
848 3065 930 3118 saepe
948 3050 1062 3117 exiguus
1079 3065 1139 3102 mus

380 3118 437 3173 Sub
454 3121 537 3176 terris
554 3122 701 3191 posuitque
722 3123 817 3179 domos
836 3125 921 3193 atque
939 3127 1038 3179 horrea
1055 3126 1135 3190 fecit3

381 3196 442 3250 Aut
459 3197 542 3251 oculis
561 3199 635 3268 capti
653 3199 748 3254 fodere
767 3200 866 3255 cubilia
884 3201 994 3271 talpae;

382 3271 567 3343 inventusque
586 3276 658 3331 caris
676 3276 750 3345 bufo,
771 3280 800 3331 et
818 3294 888 3346 quae
907 3278 1026 3348 plurima
1043 3284 1135 3331 terrae
1210 3290 1249 3330 1ss

372 3346 501 3402 Monstra
517 3351 614 3408 senrnt
622 3374 631 3422 ς
647 3354 822 3425 populatque
838 3353 983 3424 ingentem
998 3355 1082 3405 larris
1096 3369 1227 3406 aceruum

359 3419 496 3494 Umflh'st
521 3432 613 3501 atque
629 3434 709 3507 inopi
727 3438 864 3491 metuens
881 3433 1004 3487 tormina
1021 3431 1161 3481 aenedas
1184 3438 1186 3442 ¹

344 3489 573 3574 ammplam
591 3508 675 3584 item,
696 3532 765 3571 cum
785 3531 817 3571 se
836 3528 900 3569 nux
916 3509 1049 3581 plurima
1066 3499 1148 3555 suus

386 3576 443 3629 uet
460 3576 496 3633 in
517 3580 626 3645 liorem
649 3593 687 3650 et
705 3609 810 3649 ramos
831 3586 976 3648 curvabat
991 3578 1120 3639 olentis:
