3242 4159
652 517 836 567 anuarnos
858 519 927 568 ura.
947 518 998 567 1v.
1207 507 1253 572 143

389 593 441 651 Sic
460 596 544 650 effata
561 596 650 650 sinum
668 597 786 651 lacrimis
804 597 918 667 inplevit
936 598 1048 656 obortis.
1229 620 1255 659 ec

431 674 515 727 Anna
532 672 630 727 refert:
650 672 673 726 Ο
692 674 752 728 lnce
772 674 858 741 magis
880 674 979 730 dilecta
997 678 1090 748 sorori,

390 750 497 803 Solane
514 752 649 818 perpetua
665 766 791 804 maerens
811 767 923 819 carpere
941 751 1060 822 iuventa,

390 826 421 879 N
423 841 456 880 ee
475 824 562 879 dulcis
580 829 666 894 natos,
686 826 802 880 Veneris
822 844 871 880 nec
889 829 1013 896 praemia
1031 832 1121 887 noris?

391 902 433 955 Id
451 901 570 956 cinerem
588 907 637 955 aut
656 902 746 957 Manis
765 903 854 970 eredis
874 920 971 957 curare
990 907 1131 974 sepultos?

390 978 478 1033 Esto:
495 994 606 1046 aegram
623 979 690 1032 nulli
708 979 845 1048 quondam
867 980 968 1033 flexere
987 984 1084 1052 mariti,
1226 1002 1252 1042 ss

390 1055 421 1108 N
423 1071 460 1108 on
477 1053 585 1123 Libyae,
602 1072 657 1108 non
675 1059 739 1110 ante
758 1056 844 1125 Tyr0;
862 1056 1009 1125 despectus
1027 1059 1123 1113 Iarbas

391 1131 585 1200 Ductoresque
602 1131 655 1199 alii,
675 1150 743 1201 quos
763 1134 859 1187 Africa
878 1138 953 1187 terra
971 1135 1118 1205 triumphis

390 1207 480 1259 Dives
497 1206 561 1261 alit:
578 1208 712 1276 placitone
731 1210 815 1264 etiam
833 1210 967 1279 pugnabis
984 1213 1086 1266 amorii

390 1283 421 1335 N
422 1299 455 1336 ec
471 1285 547 1337 venit
563 1284 592 1337 in
609 1289 737 1353 mentem,
757 1304 873 1354 quornm
892 1287 1046 1340 consederis
1064 1289 1152 1342 arvis?

391 1359 470 1413 Hinc
488 1359 621 1414 Gaetulae
638 1362 728 1429 urbes,
747 1380 834 1430 genus
852 1362 1034 1431 insuperabile
1052 1363 1130 1429 bello,
1227 1382 1252 1421 so

391 1436 431 1489 Et
451 1435 587 1490 Numidae
604 1437 703 1491 infreni
722 1439 836 1506 cingunt
854 1442 883 1491 et
900 1438 1037 1507 inhospita
1055 1438 1158 1506 Syrtis;

391 1511 470 1566 Hinc
488 1511 598 1567 deserta
617 1513 662 1567 siti
681 1515 763 1582 regio,
782 1514 892 1584 lateque
909 1516 1032 1568 furentes

391 1587 516 1642 Barcaei.
553 1589 625 1657 Quid
642 1589 715 1644 bella
734 1590 803 1659 'Pyro
822 1592 962 1659 surgentia
980 1591 1075 1659 dicam,

392 1663 580 1734 Germanique
597 1665 701 1720 minasl

391 1740 444 1794 Dis
462 1739 590 1809 equidem
609 1742 762 1810 auspicibus
780 1758 842 1794 reor
860 1745 889 1794 et
908 1735 1013 1796 Iunon'e
1031 1745 1152 1797 secunda
1226 1757 1251 1797 45

391 1816 477 1871 Hunc
494 1833 603 1871 cursum
623 1816 720 1870 Iliacas
739 1821 821 1871 vento
840 1817 961 1871 tenuisse
979 1818 1091 1871 carinas.

391 1894 481 1958 Quam
494 1895 526 1947 tu
538 1894 643 1961 urbem,
655 1910 738 1961 soror,
751 1893 822 1946 hanc
834 1909 935 1960 cernes,
949 1909 1019 1960 quae
1032 1911 1145 1962 surgere
1157 1913 1241 1964 regna

391 1969 524 2036 Coniugio
543 1968 605 2023 tali!
629 1969 762 2023 Teucrum
780 1968 973 2023 comitantibus
992 1970 1074 2023 armis

391 2044 495 2099 Punica
513 2062 543 2098 se
561 2047 671 2114 quantis
688 2046 797 2099 attollet
816 2045 903 2114 gloria
921 2046 1015 2101 rebus!

390 2120 432 2175 'l'u
451 2120 533 2175 modo
550 2138 631 2191 posce
649 2122 715 2175 deos
735 2122 849 2190 veniam,
869 2124 1007 2192 sacrisque
1025 2124 1110 2178 litatis
1225 2140 1249 2179 so

391 2196 510 2266 indulge
526 2197 651 2266 hospitio,
670 2215 834 2267 caussasque
853 2199 961 2253 innecte
979 2201 1109 2268 morandi,

390 2274 464 2327 Dum
482 2274 579 2343 pelago
598 2275 719 2328 desaevit
736 2275 843 2344 hiemps
863 2279 891 2328 et
910 2292 1027 2343 aquosus
1047 2275 1138 2345 Orion,

390 2350 598 2419 Quassataeque
615 2354 696 2420 rates,
715 2352 781 2405 dum
799 2369 853 2404 non
872 2351 1016 2403 tractabile
1034 2351 1145 2404 eaelum.

425 2427 480 2481 His
499 2426 579 2481 dictis
597 2428 736 2481 incensum
754 2427 874 2480 animum
893 2426 1071 2478 inflammavit
1088 2442 1188 2493 amore,

389 2504 530 2573 Spemque
548 2504 627 2558 dedit
646 2503 744 2557 dubiae
763 2503 857 2570 menti,
877 2501 1011 2569 solvitque
1030 2502 1171 2569 pudorem.
1223 2517 1249 2556 es

390 2581 528 2649 Principio
547 2580 662 2634 delubra
681 2580 789 2646 adeunt,
810 2595 961 2648 pacemque
979 2595 1029 2646 per
1047 2594 1109 2632 aras

389 2657 562 2726 Exquirunt3
580 2660 702 2711 mactant
719 2656 804 2709 lectas
824 2655 860 2707 de
878 2671 953 2708 more
972 2649 1092 2708 bidentis

389 2733 533 2801 Legiferae
553 2732 647 2787 Oereri
666 2732 833 2800 Phoeboque
852 2732 980 2800 patrique
1000 2731 1097 2800 Lyaeo,

389 2810 489 2863 Iunoni
507 2813 571 2864 aute
589 2809 684 2877 omnis,
702 2809 745 2862 cui
765 2809 852 2862 vincla
870 2808 971 2876 iugalia
988 2809 1074 2861 curae.

388 2886 463 2956 Ipsa,
482 2889 578 2940 tenens
597 2885 695 2939 dextra
712 2888 844 2953 pateram,
864 2883 1047 2959 pulcherrima
1065 2884 1137 2937 Dido
1224 2897 1249 2935 eo

388 2963 541 3017 Candeutis
559 2979 657 3016 vaceae
675 2960 765 3014 media
783 2960 857 3013 inter
876 2976 977 3012 cornua
994 2959 1092 3025 fundit,

387 3041 450 3093 Aut
468 3042 533 3093 ante
551 3056 599 3092 cra
617 3039 700 3092 deum
717 3038 826 3106 pinguis
845 3035 980 3104 spatiatur
998 3034 1034 3086 ad
1051 3051 1119 3099 aras,

388 3115 586 3185 Instauratque
603 3115 677 3169 diem
695 3114 779 3182 donis,
799 3111 990 3182 pecudumque
1009 3108 1121 3162 reclusis

386 3180 550 3246 Pectoribus
566 3192 673 3245 inhians
692 3190 823 3259 spirantia
841 3185 955 3241 consulit
974 3189 1045 3238 exta

386 3268 455 3324 Heu
473 3271 567 3322 vatum
585 3269 695 3336 ignarae
712 3269 832 3319 mentes!
853 3262 920 3332 quid
937 3264 1001 3314 vota
1017 3261 1162 3325 furentem,
1223 3271 1248 3311 eo

387 3344 463 3411 Quid
481 3343 598 3398 delubra
615 3345 725 3398 iuvant?
763 3341 813 3395 Est
831 3338 919 3393 mollis
937 3337 1047 3390 flamma
1061 3335 1199 3390 medidies

382 3421 501 3483 Interea,
521 3422 552 3472 et
570 3421 687 3475 tacitum
707 3421 776 3477 vivit
795 3418 850 3476 sub
867 3420 985 3491 pectore
1001 3414 1115 3469 uolnus.

371 3491 473 3543 Uritur
487 3493 590 3549 infelix
609 3498 688 3554 Dido
707 3504 835 3573 totaque
855 3500 982 3570 uagatur

358 3562 439 3637 Urbe
454 3566 562 3639 furens,
583 3575 682 3645 qualis
701 3580 846 3639 coniecta
865 3595 958 3638 cerua
976 3574 1110 3647 sagitis&
