3242 4159
394 544 440 588 304
596 536 625 583 P.
645 532 798 582 VERGILI
815 530 981 580 MARONIS

394 616 546 689 Spumabat
562 617 644 686 ripis3
661 619 755 669 tantus
773 630 803 667 so
820 610 938 665 nubibus
955 612 1043 666 imber

395 697 527 764 Ruperat.
564 693 624 761 Ille,
642 692 738 745 innare
757 706 865 759 parans,
884 688 997 741 infantis
1016 706 1108 745 amore

393 771 537 837 uersatur,
556 784 673 837 caroque
692 768 767 821 oneri
786 765 874 818 timet.
913 764 1011 817 Omnia
1030 783 1121 821 seeum
1215 786 1253 823 550

394 846 524 901 Versanti
542 845 632 899 subito
651 844 697 897 vix
714 844 782 895 haec
801 840 940 895 sententia
959 842 1044 896 sedit:

393 924 489 977 Telum
507 924 623 989 inmane,
642 936 724 973 manu
742 917 832 970 valida
852 916 926 985 quod
945 917 1016 970 forte
1035 918 1150 986 gerebat

394 999 523 1067 Bellator‚
542 997 658 1051 solidum
677 995 755 1047 nodis
774 998 803 1047 et
822 993 920 1046 robore
939 996 1023 1060 cocto,

394 1076 467 1129 Huic
484 1078 585 1141 natam,
603 1071 674 1124 libro
693 1074 722 1124 et
741 1069 860 1123 silvestri
881 1069 978 1121 subere
998 1070 1125 1137 clausam,

394 1152 528 1220 Implicat,
547 1152 631 1217 atque
649 1147 768 1201 habilem
782 1146 889 1199 mediae
902 1145 1074 1214 circumligat
1085 1147 1197 1215 hastae;
1214 1167 1254 1204 sss

394 1228 481 1292 Quam
500 1226 599 1279 dextra
616 1224 722 1291 ingenti
740 1223 843 1275 librans
863 1222 902 1275 ita
923 1220 958 1273 ad
978 1222 1092 1275 aethera
1109 1225 1198 1282 fatur:

394 1304 483 1371 Alma,
501 1302 554 1357 tibi
571 1302 647 1369 hauc,
666 1317 808 1353 nemorum
828 1299 935 1365 cultrix,
956 1299 1072 1351 Latonia
1091 1301 1177 1371 virgo,

394 1379 458 1447 Ipse
477 1383 557 1449 pater
574 1378 703 1430 famulam
714 1373 818 1430 boreo:
844 1378 892 1427 tua
910 1374 1000 1443 prima
1017 1394 1068 1443 per
1086 1394 1168 1430 auras

394 1455 459 1509 Tela
476 1458 573 1509 tenens
591 1454 706 1523 supplex
724 1453 832 1504 hostem
851 1452 930 1518 fugit.
974 1453 1084 1521 Accipe,
1102 1457 1199 1521 testor,

394 1531 471 1599 Diva,
491 1535 574 1597 tuam,
594 1546 665 1597 quae
684 1545 756 1581 nunc
775 1528 866 1579 dubiis
886 1528 1068 1581 committitur
1085 1530 1168 1583 auris.
1217 1548 1256 1585 sao

394 1607 479 1674 Dixit,
499 1610 528 1661 et
545 1606 665 1659 adducto
684 1606 839 1657 contortum
857 1603 956 1655 hastile
974 1603 1076 1659 lacerto

394 1683 530 1737 Inmittit:
550 1698 665 1735 sonuere
683 1680 787 1746 undae3
807 1679 934 1748 rapidum
955 1698 1036 1749 super
1053 1698 1163 1735 amnem

395 1758 495 1812 Infelix
514 1758 586 1826 fugit
603 1756 631 1810 in
649 1756 737 1811 iaculo
756 1756 891 1810 stridente
912 1756 1033 1809 Camilla.

395 1836 435 1888 At
454 1833 590 1903 Metabus,
609 1850 708 1901 magna
725 1831 838 1902 propius
858 1832 911 1885 iam
931 1837 1067 1899 urguente
1085 1840 1207 1906 caterva,

394 1910 449 1963 Dat
469 1927 529 1963 sese
547 1910 637 1979 fluvio,
657 1913 740 1976 atquo
759 1909 867 1962 hastam
886 1925 946 1961 cum
967 1909 1071 1976 virgine
1089 1911 1180 1965 victer
1218 1930 1255 1967 aas

394 1986 541 2040 Gramineo
560 1983 661 2038 donum
681 1984 787 2037 Triviae
807 1983 842 2035 de
861 1985 980 2053 caespite
998 1986 1081 2040 vellit.

394 2061 455 2114 Non
474 2062 551 2113 illum
569 2060 650 2113 tectis
668 2061 747 2127 ullae,
762 2076 816 2111 non
835 2060 977 2113 moenibus
995 2062 1077 2115 urbes

395 2138 543 2205 Accepere,
562 2153 652 2203 neque
669 2137 728 2204 ipse
746 2153 842 2189 manus
861 2138 971 2190 feritate
990 2138 1130 2195 dedisset:

396 2214 540 2267 Pastorum
558 2215 588 2266 et
606 2213 670 2266 solis
689 2212 782 2289 exegit
800 2212 940 2265 montibus
959 2230 1064 2268 aevum.

396 2290 449 2344 Hie
466 2293 558 2344 natam
576 2289 605 2343 in
623 2288 713 2343 dumis
730 2288 859 2358 interque
877 2288 1019 2344 horrentia
1036 2292 1125 2346 lustra
1218 2309 1256 2351 aro

395 2366 565 2421 Armentalis
583 2383 671 2436 equae
689 2366 814 2420 mammis
833 2368 863 2417 et
881 2365 953 2418 lecto
972 2366 1059 2420 ferino

395 2440 535 2512 Nutribat,
555 2443 658 2496 teneris
676 2442 829 2510 inmulgens
849 2439 934 2494 ubera
951 2442 1043 2497 labris.

395 2518 490 2587 thue
508 2520 610 2586 pedum
628 2519 723 2589 primis
739 2518 829 2571 infans
845 2516 960 2585 vestigia
975 2518 1077 2587 plantis

396 2594 549 2664 Institerat,
568 2595 655 2648 iaculo
673 2596 777 2665 palmas
795 2593 912 2647 armavit
930 2599 1017 2663 acuto,

395 2670 560 2739 Spiculaque
573 2672 734 2724 exhumare
747 2688 847 2740 parvae
860 2671 1002 2739 suspendit
1014 2676 1044 2726 et
1055 2689 1159 2729 arcum.
1218 2692 1255 2731 575

396 2746 450 2800 Pro
468 2746 561 2800 crinali
581 2764 655 2815 auro,
673 2765 722 2816 pro
740 2748 838 2815 longae
857 2748 980 2814 tegmine
998 2748 1092 2817 pallae,

395 2823 515 2891 Tigridis
533 2824 646 2877 exuviae
663 2841 715 2892 per
734 2824 845 2877 dorsum
863 2841 879 2877 a
897 2824 998 2878 vertice
1016 2824 1146 2893 pendent.

396 2899 460 2953 Tela
477 2917 559 2953 manu
576 2900 630 2953 iam
649 2903 708 2953 tum
726 2903 823 2953 tenera
841 2899 957 2969 puerilia
975 2901 1064 2968 torsit,

395 2976 432 3030 Et
450 2977 562 3031 fundam
580 2976 665 3031 tereti
683 2977 784 3030 circum
803 2979 887 3046 caput
904 2976 961 3043 egit
978 2977 1092 3044 habena,

396 3053 636 3123 Strymoniamque
647 3070 753 3121 gruem,
766 3056 815 3106 aut
827 3051 918 3105 album
932 3052 1033 3107 deiecit
1045 3052 1156 3108 olorem.
1216 3072 1254 3110 sao

396 3129 502 3183 Multae
520 3130 593 3183 illam
610 3131 714 3184 frustra
732 3128 872 3197 Tyrrhena
890 3145 940 3198 per
958 3130 1059 3200 oppida
1075 3132 1181 3184 matres

396 3204 535 3274 Optavere
553 3223 666 3271 nurum;
685 3206 742 3260 sola
761 3209 890 3259 contenta
906 3205 994 3259 Diana

383 3283 547 3339 Aeternum
566 3282 685 3339 telorum
704 3286 734 3338 et
750 3283 916 3351 virginitatis
934 3298 1054 3335 amorem

370 3356 558 3419 Intemorata
577 3364 655 3421 colit.
695 3361 813 3417 Vellem
825 3359 907 3413 haud
923 3361 1049 3423 correpta
1060 3357 1160 3411 immet

359 3431 471 3495 Militia
495 3444 557 3516 tali,
580 3449 692 3503 conata
711 3443 856 3498 lacessere
872 3436 1012 3489 'leucrosz
1189 3447 1214 3486 ι
1232 3448 1270 3483 sa

359 3507 430 3591 dm
448 3520 532 3578 mihi
551 3527 774 3595 comitumque
793 3518 876 3574 ieret
892 3527 972 3566 nune
986 3522 1047 3558 una
1060 3516 1214 3579 mearum:

362 3601 459 3649 erum
483 3615 556 3673 age,
582 3598 855 3676 quandoquidem
872 3586 948 3645 latis
963 3580 1107 3646 urgllidm
1124 3568 1251 3628 ‘mm‘
