3242 4159
665 518 849 566 AENEIDOS
866 518 934 566 LIB.
955 518 1007 565 ΙΙΙ.
1206 522 1250 566 iso

400 601 489 655 Haud
507 600 608 668 inpune
626 598 752 667 quidem;
769 614 821 651 nec
838 598 903 651 talia
920 614 1017 666 passus
1035 599 1137 668 Ulixes,

401 677 548 729 Oblitusve
565 676 607 729 sui
626 678 668 728 est
687 673 799 728 Ithacus
817 674 972 728 discrimine
990 678 1074 731 tanto.

401 754 476 807 Nam
495 752 574 805 simul
593 752 719 820 expletus
738 750 853 819 dapibus
871 751 989 819 vinoque
1006 753 1128 818 sepultus
1222 768 1258 805 mo

402 830 545 884 Oervieem
563 828 691 881 inflexam
708 827 805 896 posuit,
823 827 961 896 iacuitque
977 845 1029 897 per
1046 833 1153 882 antrum

403 905 556 972 Inmensus,
576 904 678 957 saniem
696 907 823 957 eructans
841 906 870 956 et
887 903 975 957 frusta
991 907 1105 957 cruento

402 981 460 1035 Per
477 997 601 1035 somnum
618 980 766 1043 commixta
783 995 867 1047 mero,
884 996 942 1047 nos,
959 997 1057 1047 magna
1074 982 1176 1049 precati

402 1058 523 1111 Numina
541 1057 685 1125 sortitique
703 1056 782 1124 vices,
800 1072 855 1108 uua
872 1056 993 1123 undique
1010 1057 1111 1110 circum

403 1133 564 1201 Fundimur‚
584 1135 613 1185 et
630 1131 686 1186 telo
704 1131 795 1186 lumen
812 1131 986 1185 terebramus
1003 1137 1091 1201 acuto,
1220 1138 1256 1176 ⁰³³

403 1209 515 1277 Ingens,
535 1208 609 1277 quod
627 1211 706 1262 torva
724 1207 810 1261 solmu
828 1207 880 1259 sub
899 1207 989 1261 fronte
1006 1207 1119 1275 latebat,

404 1285 528 1353 Argolici
546 1284 625 1354 clipei
643 1288 691 1337 aut
710 1283 853 1337 Phoebeae
870 1284 1005 1352 lampadis
1022 1285 1116 1351 instar,

355 1411 365 1424 ,
402 1361 442 1415 Et
461 1360 574 1414 tandem
591 1360 657 1413 laeti
675 1360 809 1414 sociorum
828 1359 983 1413 ulciscimur
1004 1360 1120 1413 umbras.

402 1436 461 1491 Sed
477 1436 573 1505 fugite,
591 1452 607 1489 o
625 1436 724 1504 miseri,
741 1436 837 1503 fugite,
855 1439 939 1503 atque
956 1434 992 1489 ab
1009 1435 1091 1490 litore
1108 1437 1200 1490 funem

403 1513 548 1582 Rumpite.
1223 1528 1258 1565 olo

403 1589 477 1643 Nam
495 1589 582 1657 qualis
600 1593 773 1658 quantusque
791 1606 856 1643 cavo
876 1590 1057 1659 Polyphemus
1075 1591 1103 1644 in
1120 1594 1200 1644 antro

403 1664 553 1733 Lauigcras
571 1664 676 1719 claudit
692 1666 813 1732 pecudes
831 1669 915 1733 atquo
933 1666 1019 1719 ubera
1035 1670 1150 1734 pressat,

403 1741 524 1795 Centum
541 1740 588 1794 alii
606 1757 689 1795 curva
705 1740 773 1794 haee
790 1741 916 1808 habitant
934 1742 970 1795 ad
987 1742 1068 1795 litora
1086 1742 1164 1810 volgo

403 1816 516 1870 Infandi
535 1817 665 1885 Cyclopes
682 1820 712 1871 et
729 1817 792 1870 altis
810 1817 951 1890 montibus
967 1821 1068 1870 errant.

403 1892 497 1947 'l'ertia
514 1892 568 1946 iam
587 1892 681 1946 Lunae
699 1910 728 1946 se
746 1909 847 1946 cornua
864 1893 966 1947 lumine
984 1895 1118 1961 conplent,
1222 1909 1259 1947 ott

403 1968 476 2021 Cum
493 1968 578 2023 vitam
596 1968 625 2021 in
642 1968 715 2022 silvis
732 1969 805 2022 inter
823 1969 934 2024 deserta
951 1970 1069 2023 ferarum

402 2043 507 2099 Lustra
524 2043 673 2113 domosque
691 2045 779 2113 traho,
797 2049 945 2114 vastosque
963 2046 998 2099 ab
1016 2063 1084 2115 rupe
1103 2046 1232 2115 Cyclopas

403 2120 551 2188 Prospicio,
570 2121 744 2189 sonitumque
761 2122 864 2191 pedum
883 2139 1030 2191 vocemque
1048 2128 1188 2178 tremesco.

402 2194 517 2250 Victum
534 2196 676 2263 infelicem,
695 2196 776 2251 bacas
794 2198 972 2267 lapidosaque
992 2215 1081 2265 corna,

402 2270 480 2325 Dant
497 2273 573 2341 rami,
591 2276 621 2326 et
639 2272 721 2326 volsis
739 2277 855 2342 pascunt
873 2273 1010 2327 radicibus
1028 2274 1136 2328 herbae.
1224 2287 1260 2324 eso

402 2346 503 2400 Omnia
521 2348 697 2413 conlustrans,
715 2341 785 2402 hane
802 2349 922 2417 primum
940 2349 977 2401 ad
994 2350 1076 2401 litora
1093 2350 1206 2402 classem

402 2423 543 2491 Conspexi
559 2424 720 2479 venientem.
758 2424 831 2478 Huic
849 2441 900 2491 mo,
920 2441 1107 2491 quaecumque
1124 2424 1230 2491 fuisset,

402 2498 527 2554 Addixi:
545 2501 612 2554 satis
629 2504 672 2554 est
689 2506 801 2569 gentem
820 2501 946 2568 effugisse
964 2498 1115 2553 nefandam.

402 2573 462 2629 Vos
480 2575 596 2630 animam
614 2577 683 2631 hanc
700 2578 791 2646 potius
810 2592 982 2645 quocumque
1001 2574 1138 2629 absumite
1157 2575 1219 2629 leto.

439 2650 496 2705 Vix
513 2667 546 2706 ea
562 2652 636 2707 fatus
654 2657 721 2721 erat,
740 2670 845 2707 summo
863 2670 925 2707 cum
942 2655 1036 2706 monte
1054 2652 1178 2706 ridemus
1224 2668 1260 2705 aas

402 2727 501 2796 Ipsum
518 2728 592 2782 inter
607 2730 728 2797 pecudes
746 2734 825 2783 uasta
843 2747 872 2783 se
889 2730 961 2782 ruole
979 2732 1135 2783 moventem

402 2802 548 2857 Pastorem
568 2804 763 2873 Polyphemum
781 2810 811 2859 et
828 2806 911 2861 litora
928 2811 994 2861 nota
1011 2810 1161 2875 petentem,

402 2878 559 2933 Monstrum
568 2880 743 2948 horrendum,
753 2882 875 2951 informe,
882 2884 986 2950 ingens,
992 2883 1035 2936 cui
1046 2883 1138 2935 lumen
1149 2886 1259 2948 ademp

402 2954 511 3009 'l'runea
528 2972 611 3009 manu
628 2957 707 3025 pinus
725 2958 797 3025 regit
815 2961 844 3012 et
862 2960 977 3027 vestigia
995 2959 1103 3022 firmat;
1180 2957 1258 3023 [tum.

402 3031 556 3099 Lanigerae
573 3034 738 3087 comitantur
756 3051 834 3101 ores3
852 3052 885 3089 ea
903 3036 960 3089 sola
977 3034 1103 3103 voluptas
1223 3046 1258 3084 eoo

401 3106 589 3177 Solamenquo
607 3109 679 3163 mali.

402 3182 554 3251 Postquam
572 3184 642 3237 altos
660 3185 753 3253 tetigit
771 3186 870 3240 fluetus
888 3185 973 3239 etad
990 3200 1109 3253 aequora
1126 3184 1208 3249 venit,

401 3259 528 3313 Luminis
545 3260 636 3314 effossi
654 3261 769 3315 fluidum
787 3263 853 3316 lavit
871 3261 936 3315 inde
954 3277 1087 3325 eruorem,

401 3334 541 3389 Dentibus
559 3336 717 3391 infrendens
735 3338 847 3406 gemitu,
865 3337 1046 3407 graditurque
1064 3353 1114 3405 per
1132 3352 1237 3402 aedues

398 3411 462 3463 Iam
476 3411 604 3478 medium,
622 3414 743 3469 necdum
762 3414 865 3471 fluetus
882 3415 977 3472 latera
992 3415 1086 3471 ardua
1100 3411 1201 3466 usm.
1245 3421 1287 3459 mi»

383 3482 448 3532 Nos
458 3485 561 3546 1)ΥοοΜ
576 3487 644 3541 inde
662 3491 760 3560 fugam
780 3494 894 3565 trepidi
912 3497 1056 3564 celerare,
1069 3491 1194 3558 recepto

369 3552 507 3675 ΒΠΡΡΙΙῘΞΘ
522 3560 566 3612 sio
582 3566 695 3634 merito,
717 3572 868 3646 tacitique
888 3576 1029 3634 incidere
1046 3573 1175 3633 senemr
