3242 4159
393 537 442 586 822
628 533 657 582 P.
677 532 831 581 VERGILI
847 529 1015 579 MARONIS
1031 572 1033 576 .

393 614 450 669 Olli
467 614 538 668 dura
557 614 636 684 quies
654 613 747 668 oculos
764 616 795 668 et
813 613 919 667 ferreus
939 610 1040 680 urguet

393 692 525 756 Somnus3
545 690 574 743 in
592 694 732 743 aeternam
753 689 918 743 clauduntur
935 688 1038 741 lumina
1055 692 1174 743 noctem
1213 703 1250 744 ero

429 767 470 820 nt
489 766 550 834 pius
570 766 680 819 Aeneas
699 765 827 819 dextram
846 764 981 818 tendebat
1000 764 1135 818 inermem

361 837 365 842 ⁴
393 842 420 895 N
422 843 508 895 udato
526 842 623 910 capite,
642 845 726 910 atque
744 857 807 894 suos
825 840 944 894 clamore
962 840 1091 895 vocabat:

394 917 455 982 Quo
472 918 553 971 ruitis
564 919 687 985 aquaeve
698 918 752 971 ista
768 934 869 986 repens
887 916 1024 969 discordia
1041 918 1151 983 surgitl

394 993 418 1045 Ο
437 993 564 1048 cohibete
580 993 652 1047 iras!
671 993 757 1047 ictum
774 993 830 1046 iam
846 993 950 1060 foedus,
969 996 999 1046 et
1017 1009 1110 1046 omncs

390 1068 557 1138 Conpositae
574 1069 667 1137 leges;
684 1068 752 1122 mihi
769 1069 812 1122 ius
830 1085 991 1122 concurrere
1010 1067 1077 1135 soli;
1214 1084 1251 1123 ars

393 1144 441 1199 Me
459 1146 547 1214 sinite,
563 1148 651 1213 atque
668 1145 775 1199 auferte
792 1148 902 1199 metus:
922 1161 973 1213 ego
991 1145 1104 1197 foedera
1120 1144 1186 1197 faxo

393 1220 488 1275 Firma
504 1238 588 1276 manu
597 1242 604 1287 ;
622 1222 744 1275 Turnum
762 1220 865 1275 debent
882 1220 949 1275 haec
965 1221 1020 1273 iam
1037 1221 1106 1274 mihi
1124 1237 1209 1275 sacra

394 1296 454 1351 Has
470 1296 545 1351 inter
561 1314 649 1365 voces,
662 1298 759 1351 'media
775 1298 850 1351 inter
866 1297 932 1351 talia
949 1297 1040 1362 verba,

393 1371 474 1441 Ecce,
488 1374 548 1427 viro
565 1373 688 1428 stridens
705 1374 756 1427 alis
773 1373 887 1441 adlapsa
904 1373 1007 1440 sagitta
1023 1377 1074 1440 est,

394 1446 543 1516 Incertum,
562 1465 618 1517 qua
634 1450 713 1518 pulsa
729 1466 820 1517 manu,
839 1465 893 1518 quo
910 1448 1021 1503 turbine
1039 1449 1146 1515 adacta,
1215 1464 1251 1503 ssa

394 1523 461 1587 Quis
478 1528 584 1579 tantam
602 1525 713 1579 Rutulis
730 1524 849 1592 laudem,
867 1540 980 1578 casusne
998 1525 1110 1593 deusne,

396 1599 551 1665 Attulcrit3
567 1617 663 1669 pressa
679 1605 724 1655 est
742 1601 858 1669 insignis
874 1600 961 1668 gloria
978 1600 1050 1668 sacti,

394 1673 420 1727 N
422 1692 453 1729 ec
471 1692 531 1729 sese
551 1678 662 1730 Aeneae
679 1676 791 1731 iactavit
808 1676 919 1731 volnere
929 1676 1091 1745 quisquam.

394 1750 508 1819 Turnus,
526 1755 559 1805 ut
578 1753 692 1807 Aenean
709 1753 852 1807 cedentem
873 1769 907 1806 ex
924 1753 1031 1820 agmine
1049 1753 1122 1807 vidit

394 1826 584 1898 'lbrbatosque
602 1829 692 1899 duces,
711 1829 803 1885 subita
816 1845 865 1897 spe
881 1828 1004 1882 fervidus
1021 1829 1119 1895 ardet3
1213 1846 1250 1885 aas

395 1902 487 1957 Poscit
504 1920 589 1973 equos
607 1909 691 1975 atque
709 1922 785 1959 arma
803 1904 890 1972 simul,
909 1905 1037 1973 saltuque
1055 1905 1193 1974 superbus

395 1979 501 2034 Emicat
517 1980 546 2033 in
563 1997 680 2048 currum,
698 1986 727 2036 ct
744 1981 870 2035 manibus
887 1981 999 2034 molitur
1016 1981 1154 2035 habenas

395 2055 485 2109 Multa
501 2056 590 2109 sirum
609 2057 726 2111 volitans
744 2058 794 2111 dat
810 2058 894 2111 fortia
911 2074 1025 2124 corpora
1042 2057 1117 2123 leto;

395 2131 542 2185 seminecis
559 2130 644 2185 volvit
661 2133 769 2199 multos,
788 2136 837 2186 aut
854 2134 963 2200 agmina
980 2149 1062 2186 curru

395 2206 523 2273 Proterit,
539 2210 588 2260 aut
605 2211 700 2276 raptas
716 2207 886 2276 fugientibus
903 2208 1005 2276 ingerit
1022 2207 1124 2262 hastas.
1212 2223 1250 2264 sao

396 2282 488 2348 Qualis
506 2283 580 2351 apud
597 2284 683 2351 gelidi
700 2300 762 2339 cum
779 2284 893 2339 flumina
909 2284 1030 2339 concitus
1049 2284 1139 2337 Hebri

394 2358 563 2427 sanguineus
581 2360 692 2415 Mavors
709 2361 796 2429 clipeo
814 2361 944 2429 increpat,
963 2364 1047 2429 atque
1064 2360 1182 2414 furentis

394 2433 473 2488 Bella
489 2451 602 2490 movens
619 2436 736 2491 inmittit
753 2453 857 2504 equos;
873 2436 914 2489 illi
931 2452 1051 2504 aequore
1068 2440 1166 2505 aperto

395 2509 471 2564 Ante
489 2510 577 2565 Notos
594 2512 804 2581 Zephyrumque
821 2511 930 2577 rolant;
947 2512 1033 2580 gemit
1050 2512 1148 2565 ultima
1164 2514 1249 2579 pulsu

394 2584 500 2640 Thraca
509 2588 631 2657 podum3
648 2590 805 2658 circumque
817 2592 895 2643 atrae
908 2588 1072 2643 Formidinis
1084 2605 1139 2655 ora,
1212 2604 1248 2642 aas

396 2660 520 2730 Iraeque,
538 2662 723 2734 Insidiaeque,
742 2665 787 2719 dei
804 2665 957 2733 comitatus,
975 2668 1108 2733 aguntur:

394 2736 466 2791 Talis
483 2754 568 2806 equos
586 2739 674 2793 alacer
691 2741 783 2795 media
799 2741 874 2795 inter
890 2741 993 2809 proelia
1011 2741 1118 2793 Tamus

395 2812 537 2867 Fumantis
554 2813 655 2868 sudore
673 2817 771 2884 quatit,
788 2816 946 2870 miserabile
963 2817 1048 2871 caesis

396 2887 528 2942 Hostibus
545 2890 699 2957 insultans3
717 2892 824 2959 spargit
841 2892 938 2961 rapida
955 2892 1058 2960 ungula
1074 2908 1151 2945 rores

393 2964 568 3035 Sanguinem,
585 2966 727 3034 mixtaque
745 2982 825 3021 cruor
842 2967 963 3021 calcatur
979 2983 1071 3022 arena.
1209 2985 1247 3023 seo

393 3038 510 3169 Iamque
527 3042 587 3095 neci
606 3042 822 3111 Sthenelumque
846 3042 925 3098 dedit
943 3043 1155 3113 Thamyrimqne
1174 3045 1245 3099 Pho

472 3132 585 3186 umque,

387 3190 476 3245 ‘Hunc
488 3195 648 3259 congressus
660 3198 690 3249 et
700 3196 780 3264 hunc,
792 3195 870 3249 illum
882 3194 1003 3263 eminus;
1016 3198 1122 3251 eminus
1134 3196 1217 3251 ambo

390 3265 571 3336 Imbrasidas,
584 3270 717 3323 Glaucum
729 3275 814 3339 atquc
827 3271 929 3340 Laden,
943 3289 1011 3340 qnos
1024 3272 1168 3326 Imbrasus
1186 3272 1245 3343 ipse

376 3340 531 3401 Nutrierat
548 3345 643 3419 Lycia,
662 3347 834 3420 paribusque
851 3352 995 3401 ornaueiat
1011 3349 1101 3412 amris,

372 3416 426 3475 Vel
438 3426 575 3484 conferre
589 3445 720 3500 manum,
731 3427 782 3484 rel
794 3442 869 3497 equo
878 3426 1058 3493 praeuertere
1065 3427 1175 3473 neuma
1211 3438 1251 3475 ss

359 3490 448 3556 Parte
466 3504 531 3562 alia
549 3508 659 3566 media
680 3504 836 3565 Eumedes
850 3502 887 3555 in
899 3495 1127 3580 pecussum,

359 3576 481 3649 »ntiqui
500 3586 616 3655 proles
633 3586 724 3644 bello
739 3580 907 3657 praeclara
916 3571 1053 3631 boloma,
