3242 4159
793 464 800 476 ·
879 464 884 476 ι
1090 449 1133 485 ῡᾘ

350 509 461 577 sadiglt
478 513 537 563 eost
538 526 569 563 as
587 512 617 563 et
633 509 718 563 emtis
735 507 856 576 pectoris
874 524 986 573 ensem.

350 604 390 640 rus
408 603 479 655 equo
497 585 588 639 deiect
576 588 634 638 tum
654 587 788 651 Amycum
806 584 977 653 fratremque
995 583 1116 650 Diorem,

350 679 453 731 gressus
470 661 564 730 pedes,
582 660 654 713 hune
671 661 826 714 venientem
845 660 957 728 cuspide
974 662 1063 744 longa,
1100 676 1138 717 uo

349 756 365 793 c
383 754 513 792 mucrone
530 738 594 790 ferit
612 752 749 803 curruque
767 735 873 789 abscisa
892 729 1008 791 duomm

350 814 431 869 endit
449 813 546 881 capita,
566 816 595 866 et
612 812 733 866 rorantia
751 812 882 880 sanguine
900 816 999 881 portat

353 891 437 944 Talon
456 889 623 958 Tanaimque
639 888 700 941 neci
717 888 872 957 fortemque
892 889 1053 959 Cethegum,

359 983 413 1020 uno
431 981 584 1033 congressu,
602 968 631 1018 et
649 968 784 1017 maestum
801 966 890 1019 mittit
909 964 1020 1035 Oniten,

350 1043 398 1097 ‚ine
416 1041 576 1097 Echionimn
594 1040 745 1109 matrisque
762 1057 847 1108 genus
866 1041 1012 1108 Peridiae3
1102 1058 1140 1099 ut

353 1120 453 1173 fratres
471 1117 553 1185 Lycia
570 1117 667 1170 missos
683 1121 713 1171 et
731 1116 868 1184 Apollinis
884 1118 965 1186 agris,

350 1211 459 1248 uvenem
477 1210 590 1246 exosum
607 1193 772 1260 nequiquam
790 1191 863 1246 bella
881 1192 1038 1261 Menoeten,

350 1270 399 1337 ada,
418 1269 541 1339 piscosae
558 1269 603 1323 cui
621 1268 724 1322 circum
742 1268 857 1321 flumina
874 1269 983 1323 Lernae

353 1347 445 1400 fuerat
462 1341 620 1415 pauperque
638 1344 742 1411 domus,
760 1360 811 1398 nee
829 1348 895 1398 nota
912 1348 1056 1413 potentum

351 1439 405 1489 era,
423 1421 612 1487 conductaque
629 1423 709 1488 pater
726 1419 826 1473 tellure
844 1419 961 1476 serebat
1102 1437 1141 1476 sao

351 1498 417 1552 relut
434 1496 538 1552 inmissi
556 1496 673 1549 diversis
689 1494 814 1563 partibus
830 1495 908 1563 ignes

351 1577 417 1628 rtem
433 1573 463 1625 in
480 1572 575 1625 silvam
592 1575 621 1625 et
638 1571 758 1639 virgulta
774 1572 898 1626 sonantia
914 1571 1004 1628 hura:

360 1648 407 1702 ubi
426 1648 542 1702 decursu
561 1647 657 1715 rapido
677 1646 870 1701 dementibus
889 1648 953 1701 altis

351 1725 494 1780 ·sonitum
513 1723 633 1792 spumosi
651 1738 752 1789 amnes,
771 1721 827 1778 et
819 1740 848 1776 m
866 1740 986 1811 aequora
1002 1728 1117 1779 currunt

351 1818 405 1870 que
423 1817 502 1855 snum
519 1799 665 1869 populatus
682 1799 750 1853 iter:
767 1814 823 1852 non
841 1800 952 1867 segnius
970 1798 1051 1853 ambo
1102 1790 1139 1855 aas

351 1894 391 1931 aas
409 1876 571 1945 Turnusque
589 1877 674 1928 ruunt
691 1890 743 1942 per
758 1874 878 1942 proelia3
897 1891 975 1943 nunc,
993 1891 1065 1930 nune

351 1952 437 2008 tuat
429 1969 472 2006 rra
488 1951 577 2005 intus:
596 1952 762 2018 rumpuntur
779 1950 871 2005 nescia
888 1951 958 2017 vines¹

351 2046 412 2094 ora3
431 2044 502 2081 nuuc
520 2026 587 2081 totis
604 2028 633 2080 in
650 2025 762 2080 volnera
778 2027 883 2081 viribus
900 2027 964 2083 itur.

351 2121 443 2158 ranum
460 2104 512 2171 hic,
532 2106 626 2156 atavos
644 2106 803 2157 atavorum
822 2104 935 2172 antiqua
952 2108 1094 2159 sonantem

351 2181 408 2248 ina,
419 2196 470 2249 per
481 2195 616 2246 regesque
628 2181 719 2231 aetum
731 2194 818 2245 genus
830 2194 910 2231 omne
922 2179 1042 2246 Latinos,
1066 2211 1068 2216 ·
1101 2195 1139 2234 aso

351 2256 466 2326 cipitem
484 2255 592 2323 scopulo
610 2258 695 2322 atque
712 2253 832 2321 ingentis
851 2253 962 2307 turbine
979 2255 1038 2308 saxi

350 2333 403 2397 rtit,
360 2331 593 2398 teffunditquo
611 2330 683 2394 solo;
701 2328 774 2382 hunc
791 2328 851 2381 lora
868 2332 898 2382 et
915 2328 979 2398 iuga
995 2330 1093 2385 subter

351 2409 447 2462 olvere
465 2410 556 2470 rotae;
574 2405 671 2459 erebro
689 2420 771 2473 super
789 2404 890 2471 ungula
907 2404 988 2473 pulsu

351 2501 374 2538 a
391 2500 441 2538 neo
460 2448 562 2536 domini
581 2497 732 2534 memorum
750 2478 890 2549 proculcat
906 2497 1046 2548 equorum
1087 2503 1090 2508 ·

354 2560 445 2613 ruenti
465 2557 548 2627 Hyllo
566 2545 719 2625 animisque
735 2556 845 2608 inmane
862 2555 991 2612 frementi
1101 2572 1139 2612 aas

351 2636 417 2702 urit,
436 2635 577 2702 telumque
594 2635 691 2686 aurata
708 2632 744 2685 ad
760 2635 886 2700 tempora
902 2636 1028 2702 torquet:

356 2728 406 2780 per
423 2710 528 2778 galeam
546 2709 600 2761 fixo
619 2708 699 2761 stetit
716 2707 796 2761 hasta
815 2707 934 2763 cerebro.

351 2792 407 2842 tera
425 2804 474 2840 neo
492 2790 541 2839 tua
558 2787 594 2851 te,
615 2784 728 2837 Graium
747 2783 904 2854 fortissime,
922 2787 1050 2853 Cretheu,

352 2865 393 2917 uit
411 2863 516 2928 Turn03
534 2878 584 2914 nec
602 2860 632 2913 di
650 2863 746 2914 texere
766 2860 930 2928 Cupencum,

352 2957 383 2993 ea
401 2939 534 3004 veniente,
553 2936 610 3002 sui;
629 2935 707 2989 dedit
726 2934 895 2989 obviarem
1102 2952 1140 2991 uo

352 3032 408 3083 ora,
426 3032 477 3068 uec
495 3015 595 3067 misero
614 3012 695 3081 clipei
714 3028 790 3064 mora
807 3011 912 3080 profuit
930 3010 1011 3067 aerei.
1091 3044 1095 3050 ·

352 3108 450 3162 [noque
469 3091 619 3144 Laurentes
637 3088 775 3155 viderunt,
793 3087 887 3154 Aeolo,
905 3088 994 3157 campi

352 3172 425 3222 etere
443 3171 472 3221 et
491 3168 546 3221 lato
564 3170 667 3220 terram
684 3168 859 3218 consternere
877 3167 968 3231 terg05

352 3244 402 3311 dis,
423 3244 543 3310 Argivae
562 3260 643 3311 quem
660 3258 715 3295 nou
732 3244 848 3308 potuere
867 3238 1014 3309 phalanges

352 3335 419 3388 nerra,
438 3336 490 3374 nee
506 3318 610 3375 Priami
628 3333 779 3389 regnorum
796 3332 908 3371 euersor
931 3315 1075 3376 lscllaues,
1114 3326 1155 3363 va

352 3394 628 3506 ΒὶΒίΛιιιοιΒίεΛοιιιιιΒ
630 3400 836 3505 memaw
767 3396 872 3451 aomos
839 3386 1117 3505 elta-xxm&
