3242 4159
380 532 426 576 lso·
612 528 641 577 P.
660 526 815 575 VERGILI
831 526 1000 576 MARONIS

379 606 543 675 Contingat3
562 607 661 661 doceas
678 606 733 660 iter
750 610 779 661 et
797 622 874 661 sacra
891 609 963 663 ostia
980 609 1096 677 pandas

379 684 461 737 Illum
481 699 532 750 ego
549 699 599 751 per
616 683 739 736 flammas
756 685 785 736 et
803 682 878 736 mille
896 685 1041 752 sequentia
1058 685 1118 741 tela
1205 703 1243 743 no

378 759 473 827 llripui
491 759 534 812 his
551 759 679 825 humeris,
697 758 844 826 medioque
861 775 896 811 ex
913 760 993 813 hoste
1011 761 1120 830 recepi;

379 836 431 890 Ille
449 852 540 888 meum
559 835 704 888 comitatus
722 834 777 887 iter
794 835 882 887 maria
899 836 990 889 omnia
1006 853 1116 891 mecum

379 913 474 981 Atque
493 911 581 964 omnis
600 909 746 978 pelagique
764 910 853 963 minas
871 910 994 979 caelique
1011 912 1127 983 ferebat,

379 987 528 1053 Invalidus,
547 986 612 1040 viris
630 984 705 1038 ultra
723 988 885 1054 sortemque
900 992 1033 1042 senectae.

379 1064 459 1132 Quin,
471 1067 503 1116 ut
516 1066 544 1116 te
557 1061 673 1130 supplex
684 1066 809 1131 peterem
822 1066 851 1115 et
863 1066 913 1116 tua
924 1063 1017 1117 limina
1029 1064 1146 1135 adirem,
1205 1083 1240 1120 1¹⁵

379 1140 460 1193 Idem
478 1154 558 1192 orans
577 1137 707 1192 mandata
726 1138 820 1192 dabat.
859 1138 1168 1210 Gnatiquepatrisque,

379 1215 468 1283 Alma,
486 1230 590 1284 precor,
609 1214 740 1268 miserere
749 1219 868 1284 3—potes
885 1233 1004 1284 namque
1021 1217 1119 1285 omnia,
1137 1234 1193 1273 nec
1209 1221 1239 1273 te

379 1292 555 1360 Nequiquam
573 1291 641 1344 lucis
661 1291 769 1345 Hecate
787 1292 921 1358 praefecit
940 1292 1110 1359 Averuis3-

380 1366 410 1422 Si
427 1368 518 1436 potuit
536 1367 626 1420 Manis
645 1384 783 1421 arcessere
802 1368 925 1434 coniugis
944 1367 1077 1437 Orpheus,
1139 1434 1145 1441 ,

381 1443 505 1497 Threicia
521 1444 609 1496 fretus
628 1443 734 1497 cithara
752 1443 909 1511 fidibusque
927 1444 1039 1511 canoris,
1202 1461 1241 1500 rao

381 1519 411 1573 si
428 1519 542 1572 fratrem
562 1518 659 1571 Pollux
677 1519 783 1572 alterna
800 1524 890 1573 morte
908 1519 1033 1587 redemit,

382 1596 465 1663 Itque
482 1594 612 1662 reditque
629 1595 701 1647 viam
719 1596 828 1649 totiens,
864 1595 937 1660 Quid
954 1595 1066 1663 Thesea,
1084 1612 1217 1664 maguum

382 1670 456 1735 Quid
469 1686 618 1724 memorem
634 1670 769 1724 Aloidenl
789 1674 818 1725 et
833 1672 871 1724 mi
886 1676 971 1739 genus
986 1669 1022 1724 ab
1038 1671 1105 1725 love
1119 1688 1237 1728 summo.

416 1745 526 1800 Talibus
544 1746 641 1800 orabat
660 1746 748 1815 dictis,
767 1764 884 1815 arasque
902 1746 1021 1814 tenebat,

383 1822 451 1876 (ium
469 1822 507 1876 sic
525 1838 587 1875 orsa
604 1821 679 1890 loqui
697 1826 787 1876 vates:
808 1823 875 1876 Sate
892 1822 1023 1890 sanguine
1041 1822 1141 1892 divom,
1201 1840 1239 1880 12⁶

381 1896 449 1951 'l'ros
470 1898 646 1966 Anchisiade,
665 1899 752 1951 facilis
770 1898 918 1952 descensus
937 1900 1064 1963 Avern03

381 1972 484 2027 Noctes
501 1978 585 2041 atque
604 1974 662 2027 dies
680 1978 758 2043 patet
776 1975 830 2027 atri
848 1975 929 2028 ianua
946 1974 1033 2039 Ditis;

382 2048 438 2103 Sed
455 2064 583 2102 revocare
601 2049 717 2117 gradum
736 2065 903 2118 superasque
922 2048 1040 2104 evadere
1057 2049 1095 2103 ad
1111 2066 1203 2117 auras,

382 2123 444 2178 Hoc
460 2139 536 2191 opus,
555 2124 600 2177 hic
617 2124 695 2177 labor
713 2127 762 2178 est.
799 2125 889 2190 Pauci,
907 2141 976 2194 quos
993 2141 1099 2193 aequus
1115 2128 1220 2182 amavit

382 2200 515 2269 luppiter,
534 2204 583 2253 aut
601 2200 701 2253 ardens
719 2201 810 2254 evexit
828 2200 864 2254 ad
882 2200 994 2254 aethora
1010 2200 1107 2270 virtus,
1202 2218 1240 2261 rso

382 2275 433 2329 Dis
451 2274 537 2343 geniti
554 2279 677 2344 potuere.
714 2276 820 2329 Tenent
837 2277 929 2330 media
947 2276 1038 2329 omniu
1055 2276 1148 2346 silvas,

382 2351 552 2421 Cocytusque
571 2352 631 2405 sinu
648 2351 743 2405 labens
761 2352 939 2406 circumvenit
957 2355 1025 2406 atro.

382 2426 463 2491 Quod
480 2428 503 2481 si
521 2431 616 2481 tantus
634 2444 711 2481 amor
728 2426 822 2494 menti,
841 2427 864 2480 si
882 2430 961 2480 tanta
978 2426 1078 2499 cupido
1095 2433 1148 2497 est,

382 2502 431 2556 Bis
449 2504 558 2573 Stygios
576 2504 670 2557 innare
688 2504 769 2569 lacus,
787 2501 831 2556 bis
848 2503 928 2571 nigra
946 2502 1040 2556 ridere

382 2577 502 2647 Tartara,
521 2583 550 2632 et
567 2579 663 2633 insano
682 2580 757 2632 iuvat
774 2578 918 2646 indulgere
935 2578 1030 2645 labori,
1202 2598 1239 2636 1³3

382 2654 493 2722 Accipe,
512 2671 582 2723 quae
601 2654 758 2723 peragenda
775 2654 859 2723 prius.
894 2654 978 2708 Latet
992 2654 1093 2709 arbore
1112 2671 1198 2723 opaca

382 2729 493 2781 Aureus
511 2732 540 2782 et
557 2729 628 2781 foliis
646 2733 675 2782 et
693 2728 768 2782 lento
785 2730 885 2783 vimine
902 2746 1002 2797 ramus,

383 2804 481 2857 lunoni
499 2804 621 2857 infernae
640 2804 731 2857 dietus
750 2821 842 2870 saoer;
860 2805 932 2859 hunc
949 2804 1022 2872 tegit
1039 2806 1127 2860 omnis

382 2880 472 2934 Lucus
490 2883 519 2933 et
537 2879 658 2933 obscuris
676 2879 808 2935 claudunt
825 2879 991 2934 convallibus
1008 2879 1129 2936 umbrae.

382 2956 438 3011 Sed
455 2972 509 3009 non
527 2959 590 3009 ante
609 2955 692 3009 datur
709 2955 818 3009 telluris
835 2959 932 3025 operta
949 2954 1049 3023 subire,
1156 2943 1165 2968 “
1203 2975 1241 3014 uo

383 3032 544 3086 Aurioomos
562 3047 645 3099 quam
664 3030 711 3098 qui
730 3030 899 3099 decerpserit
916 3030 1015 3084 arbore
1032 3032 1114 3086 fetus

382 3108 443 3161 Hoc
461 3108 514 3161 sibi
531 3107 646 3175 pulchra
664 3123 743 3160 suum
760 3106 827 3160 ferri
847 3106 1011 3174 Proserpina
1027 3122 1128 3161 munus

382 3182 516 3238 Instituit.
553 3184 645 3237 Primo
664 3183 755 3238 avolso
773 3199 828 3235 non
846 3182 940 3236 deficit
958 3182 1029 3236 alter

382 3260 499 3326 Aureus,
517 3262 546 3312 et
564 3259 645 3312 simili
662 3258 815 3312 frondescit
831 3258 910 3325 virga
927 3256 1046 3312 metallo.

379 3333 454 3402 llrgo
470 3334 528 3389 alte
545 3335 651 3404 vestiga
669 3334 761 3403 oculis,
780 3337 809 3388 et
827 3334 881 3387 rite
898 3336 1040 3402 repertum
1202 3352 1239 3395 ιη

365 3410 458 3478 Carpe
474 3428 577 3480 manu;
595 3428 723 3485 namque
740 3412 803 3483 ipse
817 3410 915 3466 rolens
930 3409 1075 3474 isc'rl'nsque
1084 3416 1236 3478 sequetur,

346 3482 383 3536 δι’
395 3488 429 3539 te
447 3488 512 3544 ata
534 3495 655 3561 vocant;
676 3492 767 3549 aliter
786 3506 847 3545 non
862 3485 975 3542 uiribus
988 3481 1058 3533 iulis

346 3555 468 3634 bucera
493 3584 554 3625 neo
574 3569 656 3628 duro
677 3569 802 3645 potoris
821 3561 992 3624 conuellere
1006 3554 1099 3609 terro·
