3242 4159
471 578 476 588 ¹
660 521 845 571 ausurnos
862 523 931 575 nm.
949 523 985 575 x.
1178 526 1226 577 aar

370 606 564 675 Canitiemque
579 606 633 661 sibi
652 611 682 662 et
697 607 795 674 longos
811 605 978 675 promiserat
996 623 1138 676 annos;··-

368 683 520 751 Tarquitus
538 686 678 738 exsultans
696 686 791 738 contra
807 681 977 750 fulgentibus
995 683 1086 752 armis,
1191 700 1228 740 sto

370 760 515 815 Silvieolae
533 760 626 813 Fauno
645 762 754 829 Dryope
772 774 855 827 quem
873 758 992 826 nympha
1009 765 1123 831 crearat,

368 835 478 889 Obvius
497 834 606 889 ardenti
626 853 686 890 sese
702 835 814 892 obtulit.
852 834 904 887 Ille
920 834 1037 889 reducta

371 912 498 966 Loricam
516 911 651 981 clipeique
669 912 764 980 ingens
782 927 851 963 onus
869 909 978 978 inpedit
994 908 1089 977 hasta;

368 989 442 1041 Tum
458 990 542 1056 caput
560 989 663 1042 orantis
680 987 848 1055 nequiquam
866 990 896 1040 et
912 987 1000 1041 multa
1015 987 1141 1056 parantis
1244 1055 1248 1061 ἢ

370 1065 472 1117 Dicere
489 1063 620 1117 deturbat
638 1067 737 1130 terrae,
756 1066 940 1131 truncumque
958 1066 1101 1132 tepentem
1192 1081 1228 1119 ss

372 1141 537 1193 Provoluens
554 1140 722 1208 superhaec
740 1139 850 1192 inimico
867 1143 980 1208 pectore
996 1140 1071 1194 fatur
1081 1158 1102 1196 ε·

372 1216 442 1269 Istic
458 1232 537 1282 nunc,
555 1216 710 1283 metuende,
728 1216 793 1269 iace.
830 1215 856 1266 N
858 1232 892 1268 ou
911 1218 940 1269 te
958 1219 1071 1285 optuma
1088 1219 1178 1270 mater

371 1291 481 1345 Condat
497 1291 588 1359 humo,
607 1292 750 1360 patrioque
769 1289 896 1343 onerabit
914 1290 1037 1362 membra
1053 1292 1214 1360 sepulchre:

374 1366 499 1421 Alitibus
515 1366 640 1436 linquere
657 1366 731 1432 feris,
750 1369 799 1419 aut
816 1367 925 1433 gurgite
942 1383 1064 1421 mersum

371 1442 456 1497 Unda
473 1443 551 1509 feret,
568 1444 709 1512 piscesque
726 1442 827 1510 inpasti
844 1443 953 1496 volnera
969 1442 1099 1497 lambent.
1191 1459 1229 1497 sco

372 1520 503 1574 Protinus
521 1521 661 1574 Antaeum
680 1523 710 1573 et
728 1518 838 1586 Lucam,
857 1519 946 1587 prima
964 1520 1075 1587 agmina
1092 1517 1185 1585 Turni,

372 1596 562 1665 Persequitur,
574 1597 730 1664 fortemque
742 1595 869 1660 Numam,
882 1595 1042 1665 lirlrumque
1056 1596 1220 1662 Camertem,

370 1672 547 1739 Magnanimo
566 1672 714 1725 Volscente
732 1674 830 1738 satum,
847 1670 1000 1725 ditissimus
1018 1672 1077 1740 agri

371 1747 427 1811 Qui
444 1747 497 1801 fuit
516 1746 694 1812 Ausonidum,
712 1751 741 1801 et
759 1747 852 1800 tacitis
870 1748 997 1814 regnavit
1015 1746 1145 1817 Amyclis.

371 1825 506 1890 Aegaeon
524 1823 620 1892 qualis,
638 1827 749 1877 centum
767 1822 810 1876 cui
828 1822 956 1875 bracchia
974 1822 1093 1880 dicunt,
1188 1835 1227 1876 555

368 1898 564 1967 Centenasque
581 1915 685 1967 manus,
704 1898 905 1966 quinquaginta
921 1897 1016 1951 oribus
1034 1897 1126 1966 iguem

371 1973 589 2042 Pectoribusque
606 1975 713 2041 arsisse,
732 1973 806 2026 Iovis
824 1990 892 2033 curn,
904 1973 1019 2027 frilmina
1035 1978 1133 2028 contra

369 2051 426 2104 'lot
443 2050 554 2119 paribus
572 2054 709 2120 streperet
726 2050 829 2118 clipeis,
847 2053 891 2103 tot
908 2050 1059 2118 stringeret
1077 2066 1170 2105 enses:

370 2127 418 2181 Sic
436 2130 495 2180 toto
514 2128 623 2180 Aeneas
641 2126 765 2180 desaevit
782 2127 811 2179 in
830 2127 1063 2195 aequorcuictor,

371 2203 414 2256 Ut
433 2202 516 2256 semel
534 2203 653 2271 intepuit
671 2218 775 2257 mucro.
813 2202 884 2267 Quin
904 2220 968 2256 eece
986 2202 1103 2271 Niphaei
1190 2214 1228 2254 570

370 2278 550 2345 Quadriiugis
567 2278 596 2331 in
613 2295 699 2347 equos
717 2278 890 2346 adversaque
907 2282 1020 2346 pectora
1037 2277 1138 2332 tendit.

372 2355 469 2421 Atque
486 2354 533 2421 illi,
552 2353 634 2421 longe
651 2354 826 2421 gradientem
844 2356 874 2406 et
892 2353 953 2406 dira
971 2354 1134 2406 frementem

370 2430 414 2483 Ut
432 2430 534 2497 videre,
552 2434 629 2483 metu
646 2430 718 2483 uersi
737 2433 869 2498 retroque
887 2432 1000 2483 ruentes

371 2505 580 2574 Effunduntque
597 2506 705 2572 ducem,
723 2507 889 2573 rapiuntque
908 2504 944 2557 ad
961 2504 1043 2558 litora
1059 2519 1166 2556 currus.

372 2580 603 2649 lutereabiiugis
621 2580 705 2635 infert
724 2597 754 2635 se
773 2582 897 2649 Lucagus
916 2580 985 2633 albis
1189 2590 1226 2630 575

372 2658 407 2711 ln
426 2657 538 2723 medios,
556 2658 696 2725 fraterque
715 2658 814 2725 Liger;
837 2657 887 2709 sed
905 2658 993 2711 frater
1010 2654 1125 2708 habenis

371 2734 475 2788 Flectit
492 2751 585 2801 equos,
605 2734 732 2787 strictum
750 2736 826 2787 rotat
843 2750 906 2786 acer
924 2733 1049 2799 Lucagus
1066 2746 1171 2785 ensem.

371 2809 458 2864 Haud
475 2810 541 2862 tulit
560 2811 670 2863 Aeneas
687 2813 766 2863 tanto
784 2810 892 2862 fervore
909 2808 1039 2862 furentis:

370 2886 471 2953 Inruit,
488 2886 657 2954 adversaque
675 2885 771 2952 ingens
789 2885 917 2952 adparuit
934 2884 1029 2938 hasta'

368 2961 424 3015 Cui
438 2961 533 3029 Liger:
1188 2969 1227 3008 ⁶8⁰

367 3036 436 3091 Nou
454 3036 596 3090 Diomedis
612 3051 706 3105 equos,
725 3052 775 3090 nec
791 3052 903 3089 currum
921 3035 1011 3088 cernis
1030 3030 1138 3098 Achilli,

368 3115 434 3169 Aut
451 3112 587 3181 Phrygiae
604 3128 727 3180 campos:
745 3128 816 3165 nunc
834 3110 900 3163 belli
918 3110 980 3162 finis
998 3112 1028 3163 et
1044 3106 1107 3162 aevi

368 3189 426 3243 His
444 3188 556 3243 dabitur
573 3187 663 3241 terris.
699 3186 809 3241 Vesano
827 3186 895 3239 talia
912 3186 969 3239 late

366 3266 454 3321 Dicta
471 3265 563 3319 volant
581 3263 680 3333 Ligeri.
717 3263 773 3317 Sed
790 3280 845 3316 nou
862 3266 893 3317 et
910 3261 1007 3316 Troius
1023 3259 1106 3313 heros

366 3343 454 3397 Dicta
465 3344 546 3409 parat
558 3344 668 3404 coutra;
686 3340 802 3393 iaculum
816 3357 879 3394 nam
891 3341 1005 3407 torquet
1017 3338 1046 3391 in
1057 3336 1173 3390 hostem.
1189 3346 1226 3384 sss

365 3417 498 3484 Lucagus
515 3420 547 3469 ut
563 3433 666 3485 pronus
684 3416 810 3488 pendeus
828 3416 859 3472 iu
874 3416 999 3472 uerbera
1011 3412 1074 3468 teto

357 3491 517 3545 Admonuit
537 3493 652 3565 biiugos,
672 3496 803 3567 proiecto
825 3496 898 3552 dum
909 3494 990 3567 pede
1001 3491 1092 3545 laew

353 3566 445 3632 Ami
459 3582 492 3620 ⁸⁶
504 3584 631 3643 pugnae,
651 3575 737 3633 subit
756 3593 828 3633 oras
845 3574 941 3632 hasta
953 3584 1014 3644 pet
1028 3568 1113 3623 'mm
