3242 4159
383 528 431 577 150
619 523 649 573 P.
670 521 823 571 VERGILI
841 519 1008 570 MARONIS

381 604 420 658 lit
437 602 534 657 mediis
551 617 683 670 properas
701 599 871 669 aquilonibus
887 599 930 654 ire
946 615 997 668 per
1014 598 1110 667 altum,
1201 614 1234 661 aa

382 678 525 733 Crudelis?
554 676 643 741 Quidl
665 677 760 730 sinon
778 692 844 729 arva
861 674 950 729 aliena
968 674 1122 745 domosque

383 754 498 821 ignotas
515 756 633 822 peteres,
652 756 681 806 et
699 752 779 805 Troia
797 752 911 820 antiqua
928 753 1067 818 maneret,

382 830 464 884 Troia
480 846 531 898 per
547 830 682 883 undosum
699 831 844 897 peteretur
861 827 992 881 classibus
1009 829 1133 897 aequori

382 905 465 959 Mene
477 906 567 974 fugisl
581 905 635 958 Per
646 921 697 972 ego
710 904 759 958 has
768 904 893 958 lacrimas
902 904 1085 972 dextramque
1094 906 1238 960 tuamte-

383 980 499 1045 Quando
511 981 585 1034 aliud
596 980 662 1034 mihi
674 980 728 1034 iam
741 981 857 1034 miserae
870 980 936 1033 nihil
948 980 1009 1049 ipsa
1020 980 1157 1050 reliqui—
1205 996 1238 1035 ³15

383 1055 438 1110 Per
455 1056 588 1110 connubia
605 1060 706 1124 nostra,
725 1073 776 1126 per
793 1057 918 1125 inceptos
935 1055 1107 1125 hymenaeos,

383 1131 413 1186 Si
430 1132 501 1186 bene
519 1132 587 1200 quid
605 1132 640 1186 de
657 1136 687 1186 te
704 1133 800 1201 merui,
819 1132 872 1185 fuit
889 1135 938 1187 aut
955 1133 1008 1185 tibi
1025 1132 1175 1201 quiequam

383 1208 470 1263 Dulce
487 1226 586 1277 meum,
605 1210 737 1263 miserere
755 1209 852 1263 domus
870 1208 988 1262 labentis
1006 1211 1036 1263 et
1052 1208 1143 1275 istam,

383 1284 446 1351 Oro,
465 1285 488 1338 si
506 1286 567 1354 quis
585 1285 674 1339 adhuc
691 1285 818 1354 precibus
835 1284 916 1352 locus,
935 1300 1006 1337 exue
1022 1286 1156 1338 mentem.

384 1360 423 1415 'l'e
439 1364 553 1430 propter
571 1361 688 1430 Libycae
704 1364 802 1429 gentes
820 1359 1031 1428 Nomadumque
1049 1360 1160 1428 tyranni
1205 1374 1239 1413 sao

384 1436 485 1504 Odere,
502 1437 598 1490 infensi
619 1438 707 1506 Tyrli3
726 1440 755 1490 te
772 1439 886 1505 propter
903 1435 1021 1489 eundern

384 1512 543 1567 Exstinctus
561 1512 649 1581 pudor
667 1515 703 1580 et,
722 1529 776 1581 qua
794 1512 851 1565 sola
868 1511 958 1565 sidera
975 1510 1093 1578 adibam,

384 1587 471 1662 Fama
488 1589 569 1654 prior.
606 1587 656 1641 Cui
673 1585 718 1641 me
735 1587 926 1641 moribundam
944 1587 1056 1653 deseris,
1074 1587 1191 1657 hospesl

386 1665 448 1719 Hoc
465 1665 552 1719 solum
569 1680 667 1718 nomen
686 1665 813 1734 quoniam
831 1665 867 1719 de
884 1664 998 1732 coniuge
1015 1666 1111 1718 restat.
1135 1678 1138 1683 ·

385 1741 460 1806 Quid
469 1743 577 1796 mororl
590 1757 625 1795 an
636 1758 698 1796 mea
709 1740 867 1809 Pygmalion
881 1740 947 1794 dum
958 1739 1067 1793 moenia
1076 1740 1167 1793 frater
1209 1755 1245 1793 aas

385 1816 527 1887 Destruat,
546 1822 595 1872 aut
613 1821 720 1887 captam
739 1817 821 1871 ducat
840 1816 972 1871 Gaetulus
991 1815 1105 1870 larbasi

387 1893 490 1948 Saltem
509 1894 531 1946 si
550 1911 604 1962 qua
621 1894 688 1946 mihi
706 1893 741 1946 de
760 1896 789 1946 te
807 1896 934 1960 suscepta
951 1891 1050 1946 fuisset

387 1969 463 2022 Ante
481 1970 574 2036 fugam
593 1968 709 2036 suboles,
727 1967 750 2021 si
769 1967 830 2036 quis
848 1968 914 2021 mihi
930 1967 1060 2037 parvulus
1077 1967 1142 2022 aula

386 2042 510 2098 Luderet
529 2045 647 2112 Aeneas,
666 2044 712 2113 qui
730 2047 759 2097 te
777 2047 870 2097 tamen
889 2060 937 2097 ore
954 2043 1079 2111 referret,
1098 2081 1107 2099 s
1139 2114 1141 2118 ,

386 2120 413 2174 N
414 2137 448 2174 on
467 2119 594 2187 equidem
612 2121 720 2173 omnino
739 2123 819 2188 capta
836 2136 868 2173 ac
885 2120 996 2174 deserta
1012 2120 1130 2174 viderer.
1210 2134 1247 2174 seo

421 2195 544 2249 Dixerat.
581 2195 633 2249 Ille
652 2195 725 2248 Iovis
742 2196 853 2249 monitis
871 2197 974 2249 inmota
990 2195 1106 2250 tenebat

387 2272 509 2338 Lumina,
528 2273 558 2327 et
575 2271 691 2326 obnixus
709 2288 801 2325 curam
820 2272 870 2325 sub
887 2272 970 2326 corde
987 2272 1140 2341 premebat.

387 2348 508 2403 Tandem
526 2365 613 2418 pauca
629 2349 727 2403 refert:
748 2348 806 2417 Ego
824 2352 860 2415 te,
879 2364 950 2417 quae
966 2348 1083 2416 plurima
1099 2347 1186 2401 faudo

387 2424 653 2489 Enumerare-vales
671 2440 825 2493 numquam,
845 2424 959 2491 Regina,
976 2423 1083 2491 negabo

388 2500 584 2566 Promeritam;
603 2518 653 2555 nec
671 2518 715 2554 me
732 2500 887 2554 meminisse
904 2499 1010 2569 pigebit
1027 2499 1139 2570 Elissae,
1211 2516 1249 2555 ars

388 2577 461 2630 Dum
478 2594 584 2631 memor
600 2578 658 2645 ipse
675 2577 737 2644 mei,
756 2577 822 2630 dum
841 2576 953 2646 spiritus
969 2576 1019 2629 hos
1037 2576 1110 2643 regit
1120 2581 1213 2647 ¹artius.

389 2652 443 2705 Pro
452 2668 484 2706 re
492 2652 691 2720 paucaloquar.
727 2653 826 2722 Neque
834 2670 885 2721 ego
893 2652 963 2706 hanc
972 2652 1138 2705 abscondere
1146 2652 1224 2707 furto

389 2726 511 2795 Speravi,
528 2742 564 2780 ne
581 2727 660 2794 finge,
677 2728 779 2797 sugam,
797 2745 848 2782 nec
865 2728 985 2796 coniugis
1002 2744 1134 2795 umquam

389 2801 539 2855 Praetondi
556 2802 652 2855 taedas
670 2806 718 2856 aut
735 2803 803 2857 haec
820 2805 849 2857 in
866 2804 978 2859 foedera
994 2803 1065 2858 veni.

388 2877 437 2931 Me
454 2878 478 2932 si
495 2878 552 2932 fata
569 2877 637 2931 meis
655 2881 817 2945 paterentur
835 2881 935 2934 ducere
952 2880 1037 2935 vitam
1212 2894 1251 2933 sao

390 2954 528 3023 Auspiciis
546 2958 575 3008 et
593 2957 690 3023 sponte
707 2971 769 3008 mea
786 2972 940 3025 conponere
957 2972 1042 3021 curas,

390 3031 496 3085 Urbem
515 3031 658 3085 Troianam
675 3030 792 3099 primum
811 3032 953 3101 dulcisque
969 3048 1093 3085 meorum

390 3107 532 3176 Reliquias
549 3108 674 3176 colerem,
693 3107 795 3161 Priami
813 3110 888 3161 tecta
904 3108 961 3162 alta
977 3110 1129 3176 manerent,

390 3184 428 3237 Et
444 3184 564 3238 recidiva
580 3200 664 3238 manu
680 3184 832 3253 posuissem
850 3184 984 3252 Pergama
1000 3184 1087 3237 victis

391 3259 447 3314 Sed
464 3277 535 3314 nunc
557 3260 668 3315 Italiam
685 3276 811 3328 magnam
831 3259 954 3328 Gryneus
972 3259 1080 3329 Apollo,
1212 3274 1250 3313 aee

392 3333 502 3388 Italiam
520 3335 618 3404 Lyciae
636 3337 740 3390 iussere
759 3351 901 3405 capessere
919 3338 1022 3401 sortes3

390 3408 447 3463 Hic
460 3426 543 3481 amor,
560 3412 631 3468 llaec
645 3412 739 3485 patria
756 3415 807 3467 est.
844 3412 876 3466 bi
890 3415 923 3466 te
938 3411 1122 3475 Kartbaq'uds
1135 3426 1225 3470 arces,

372 3482 562 3561 Phoenissam,
582 3490 771 3565 Libycaeque
790 3492 925 3563 aspectus
943 3486 1056 3539 detinet
1068 3481 1162 3539 ursis

347 3558 438 3676 Ιθῑιεθ
454 3568 587 3642 andem,
610 3574 747 3630 Ausonia
768 3572 903 3628 Teucros
919 3559 1073 3621 considere
1087 3556 1182 3608 tems
