3242 4159
518 450 703 492 nunninus
720 450 782 491 ΜΒ
809 450 859 493 [X.
1009 471 1021 514 'a
1074 450 1120 495 261

354 528 411 580 tum
430 525 526 579 matris
543 525 603 578 luco
622 524 778 593 Symaethia
794 525 896 580 circum

354 602 409 667 rina,
424 601 532 669 pinguis
550 600 597 653 ubi
615 605 645 654 et
661 601 801 669 placabilis
820 618 867 654 ara
885 603 982 658 Palici:
996 609 1001 662 ,’
1085 620 1122 659 aaa

354 682 444 731 entem
462 678 573 730 fundam
591 678 688 746 positis
707 678 860 731 Mezentius
877 678 964 733 hastis

358 757 402 807 ter
419 753 539 807 adducta
556 755 657 807 circum
675 756 757 822 caput
775 754 833 821 egit
850 754 965 823 habena,

354 829 420 884 edia
437 829 545 884 adversi
563 830 709 897 liquefacto
726 832 852 898 tempora
868 830 980 899 plumbo

354 905 392 972 lit,
411 922 442 958 ao
459 905 547 959 multa
563 908 719 973 porrectum
736 906 862 960 extendit
878 922 968 961 arena.

354 997 377 1032 m
395 980 513 1048 primum
529 979 603 1035 bello
620 980 736 1034 celerem
754 981 905 1036 intendisse
923 984 1051 1051 sagittam
1085 998 1123 1039 eo

354 1073 391 1124 ur,
408 1060 472 1109 ante
489 1057 562 1110 feras
580 1055 676 1109 solitus
693 1060 799 1110 terrere
817 1057 929 1125 fugacis,

354 1132 418 1198 nius,
436 1132 590 1200 fortemque
608 1148 691 1185 manu
708 1132 812 1185 fudisse
831 1132 1003 1199 Numanum

354 1206 461 1260 demulo
479 1223 628 1274 cognomen
646 1210 715 1272 erat,
734 1206 874 1274 Turnique
891 1208 1024 1262 minorem

354 1298 439 1335 ranam
455 1299 544 1351 nuper
560 1282 681 1335 thalamo
699 1282 817 1335 sociatus
834 1281 960 1337 habebnt

355 1358 439 1410 imam
458 1362 523 1411 ante
539 1358 626 1411 aciem
644 1357 728 1425 digna
743 1361 829 1426 atque
845 1357 958 1427 indigna
973 1359 1122 1415 relatu-eas

355 1434 435 1487 'erana
452 1433 629 1501 tumidusque
646 1449 715 1486 novo
731 1432 892 1501 praecordia
910 1451 995 1504 regno

358 1513 387 1562 et
403 1509 542 1577 ingentem
560 1524 620 1561 sese
637 1508 754 1562 clamore
771 1507 892 1563 ferebat:

356 1584 444 1652 pudet
460 1583 602 1637 obsidione
619 1582 721 1636 iterum
738 1583 863 1651 valloque
880 1583 977 1652 teneri,

355 1659 414 1727 apti
433 1658 562 1726 Phryges,
580 1660 610 1710 et
627 1659 709 1711 morti
725 1658 909 1726 praetendere
925 1661 1031 1714 murosi

355 1734 390 1803 lui
407 1737 500 1787 nostra
519 1733 571 1787 sibi
589 1732 663 1788 bello
678 1731 811 1789 connubia
828 1737 956 1801 poscunt!
1084 1750 1122 1789 eoo

361 1809 430 1863 deus
448 1808 567 1875 ltaliam,
585 1823 655 1875 quae
672 1823 720 1860 vos
737 1807 877 1862 dementia
893 1808 1004 1877 adegitl

355 1884 400 1939 hic
419 1884 544 1950 Atridae,
563 1899 613 1937 nec
630 1882 707 1936 fandi
724 1882 804 1936 fictor
823 1882 928 1937 Ulixes.

355 1977 382 2012 m
399 1960 435 2014 ab
454 1960 541 2027 stirpe
558 1974 644 2025 genus
661 1961 740 2012 natos
758 1958 795 2011 ad
812 1957 924 2014 flumina
940 1962 1058 2026 primum

355 2035 432 2089 imus
450 2051 586 2103 saevoque
602 2033 666 2101 gelu
685 2034 817 2088 duramus
834 2037 864 2088 et
880 2033 975 2099 undis3

354 2115 385 2165 tu
402 2110 545 2178 invigilant
563 2109 650 2178 pueri,
669 2109 804 2178 silvasque
821 2110 955 2177 fatigant;
1085 2125 1122 2162 ose

355 2203 400 2240 ere
418 2187 499 2240 ludus
516 2202 602 2254 equos
617 2188 646 2239 et
664 2184 766 2253 spicula
783 2184 899 2238 tendere
916 2200 1007 2238 cornu

355 2262 440 2316 atiens
457 2278 569 2330 operum
587 2276 727 2330 parvoque
744 2259 860 2313 adsueta
877 2258 1005 2312 iuventus

355 2338 448 2391 reatris
465 2342 569 2392 terram
587 2337 689 2404 domat,
707 2338 756 2389 aut
774 2334 865 2403 quatit
882 2332 985 2403 oppida
1001 2332 1081 2388 bollo.

355 2430 363 2468 ³
380 2430 477 2467 aevum
494 2414 567 2467 ferro
584 2411 692 2479 teritur,
710 2426 843 2478 versaque
860 2409 1003 2464 iuvencum

355 2507 364 2543 ι
379 2489 525 2556 fatigamus
542 2487 636 2552 hasta3
660 2503 710 2541 nec
728 2485 809 2540 tarda
826 2487 952 2539 senectus
1086 2500 1123 2538 no

355 2566 410 2619 itat
427 2565 493 2618 viris
510 2565 593 2618 animi
611 2566 755 2632 mutatque
773 2562 907 2631 vigorem:

357 2642 410 2694 iem
428 2640 507 2709 galea
523 2640 688 2709 premimus;
712 2655 875 2708 semperque
891 2638 1011 2693 recentis

356 2720 453 2771 artare
460 2716 536 2770 iuvat
553 2715 670 2783 praedas
687 2718 717 2769 et
734 2715 827 2769 vivere
844 2718 932 2783 rapto.

355 2810 361 2846 ι
378 2793 452 2861 picta
469 2808 548 2846 croco
566 2794 595 2845 et
612 2790 729 2858 fulgenti
746 2790 852 2844 murice
869 2790 968 2856 vestis3

355 2866 405 2921 liae
422 2868 512 2932 cordi;
535 2866 612 2920 iuvat
630 2865 772 2933 indulgere
790 2865 909 2929 choreis3
1088 2878 1123 2919 ars

356 2943 438 2997 micae
455 2944 582 3010 manicas,
599 2944 629 2995 et
645 2939 749 2994 habent
766 2940 927 2994 redimicula
943 2940 1050 2995 mitrae.

356 3036 382 3073 rc
401 3019 542 3086 Phrygiae,
559 3033 650 3084 neque
667 3016 740 3069 enim
758 3015 889 3083 Phryges,
907 3014 947 3069 ite
965 3014 1089 3084 peralta

356 3111 418 3162 rma,
436 3094 483 3148 ubi
501 3093 624 3147 adsuetis
640 3090 757 3145 biforem
774 3090 824 3145 dat
841 3089 911 3145 tibia
928 3094 1045 3144 cantum.

356 3187 414 3224 rana
431 3186 480 3225 vos
498 3168 644 3237 buxusque
661 3170 740 3221 vocat
758 3167 921 3237 Berecyntia
938 3166 1038 3220 Matris

356 3263 388 3301 e:
413 3241 493 3300 sinite
511 3261 587 3299 arma
604 3242 678 3311 viris,
696 3245 726 3296 et
742 3243 835 3298 cedite
851 3243 932 3297 ferro.
1065 3259 1067 3264 ·
1087 3254 1125 3291 em

367 3322 512 3376 iactantem
531 3319 613 3376 dictis
631 3334 665 3375 aa
681 3317 746 3375 dira
761 3321 915 3376 canentem

356 3397 413 3492 tulit
430 3397 587 3467 Ascanium
609 3415 760 3472 nervoque
779 3388 1053 3491 ceratensem
