3242 4159
647 525 829 575 AENEIDOS
846 524 916 576 LIB.
935 524 987 577 XI.
1197 530 1245 575 299

389 614 490 669 Dicam
507 612 643 684 equidem,
654 614 719 667 licet
736 630 813 668 arma
828 614 894 667 mihi
908 617 1080 684 mortemque
1092 614 1247 668 minetur-

389 691 509 745 Lumina
526 693 570 745 tet
586 690 718 745 cecidisse
735 689 837 744 ducum
854 693 997 759 totamque
1015 691 1141 745 videmus

390 766 555 821 consedisse
572 765 670 819 urbem
687 767 770 832 luctu,
789 766 856 819 dum
873 766 954 820 Troia
971 770 1091 836 temptat
1210 782 1248 821 330

391 843 500 910 Castra,
517 841 599 909 fugae
617 842 713 907 fidens,
731 845 762 895 et
779 842 884 895 caelum
902 843 1015 897 territat
1031 843 1123 898 armis.

389 918 485 973 Unum
503 918 587 972 etiam
604 918 683 971 donis
699 918 768 985 istis,
788 930 859 986 quae
876 918 994 985 plurima
1011 918 1085 973 mitti

391 994 561 1049 Dardanidis
578 994 688 1063 dicique
706 994 790 1059 iubes,
807 1011 901 1061 uuum,
919 998 1032 1062 optume
1048 1011 1153 1063 regum,

392 1071 531 1137 Adiicias;
554 1087 605 1125 nec
622 1074 653 1125 te
669 1070 751 1123 ullius
769 1070 900 1124 violentia
916 1070 1016 1140 vincat,

391 1147 465 1213 Quin
481 1152 575 1203 natam
593 1149 703 1217 egregio
720 1166 821 1217 genere
840 1148 986 1217 dignisque
1002 1149 1160 1217 hymenaeis
1209 1163 1246 1200 333

391 1223 449 1278 Des
466 1227 553 1293 pater,
572 1229 602 1279 et
618 1241 713 1293 pacem
731 1225 801 1277 hanc
819 1227 931 1278 aeterne
948 1225 1061 1279 foedere
1078 1226 1179 1278 firmes.

392 1301 474 1366 Quod
490 1300 514 1353 si
531 1304 625 1355 tantus
643 1301 728 1354 hebet
746 1304 853 1354 mentes
870 1304 900 1354 et
916 1304 1028 1367 pectora
1044 1305 1142 1367 terror,

391 1376 488 1444 Ipsum
506 1376 686 1444 obtestemur,
704 1376 866 1444 veniamque
883 1392 992 1429 eremus
1010 1376 1045 1428 ab
1062 1376 1135 1444 ipse:

392 1452 489 1518 Cedat,
508 1452 551 1505 ius
567 1453 709 1522 proprium
725 1452 784 1519 regi
802 1452 964 1521 patriaeque
981 1452 1112 1505 remittet.

391 1526 466 1592 Quid
482 1528 595 1582 miseros
612 1528 713 1581 totiens
731 1527 760 1579 in
777 1532 874 1597 aperta
890 1527 1018 1596 pericula·
1029 1527 1094 1581 civis
1209 1542 1247 1581 300

392 1603 512 1670 Proiicis,
531 1620 548 1657 0
566 1602 645 1657 Latio
663 1606 747 1672 caput
763 1604 860 1656 horum
878 1607 907 1657 et
925 1620 1020 1657 caussa
1037 1603 1188 1657 maloruml

391 1677 475 1732 Nulla
492 1680 565 1733 salus
582 1679 670 1745 bello;¹
693 1695 788 1748 pacem
806 1682 837 1733 te
853 1680 991 1747 poscimus
1009 1696 1111 1746 omnes,

391 1754 489 1821 Turne,
508 1755 588 1809 simul
605 1755 681 1823 pacis
699 1755 785 1808 selum
803 1755 958 1808 inviolabile
976 1755 1082 1823 pignus.

391 1827 501 1884 Primus
518 1848 577 1899 ege,
595 1831 711 1886 invisum
730 1847 811 1900 quem
830 1833 863 1883 tu
880 1829 932 1885 tibi
950 1831 1038 1898 fingis,
1057 1834 1087 1883 et
1104 1846 1164 1884 esse

391 1905 438 1958 Nil
455 1923 554 1973 morer,
567 1924 601 1961 en
619 1908 734 1976 supplex
752 1906 838 1967 venie.
874 1907 1007 1960 Miserere
1021 1909 1138 1972 tuorum,
1208 1921 1246 1960 333

391 1982 466 2035 Pone
484 1982 595 2049 animes,
614 1986 643 2037 et
660 1983 754 2051 pulsus
772 1982 824 2036 abi.
861 1982 910 2037 Sat
927 1983 1023 2036 funera
1040 1981 1094 2035 fusi

390 2057 527 2125 Vidimus,
544 2058 663 2126 ingentis
681 2062 710 2111 et
727 2058 910 2113 desolavimus
929 2075 1017 2127 agros.

391 2132 459 2201 Aut,
477 2133 500 2186 si
518 2134 591 2187 fama
607 2136 706 2201 movet,
725 2133 748 2187 si
766 2137 875 2189 tantum
893 2140 1005 2203 pectore
1023 2134 1107 2188 robur

391 2208 524 2278 Concipis,
542 2212 571 2263 et
589 2209 612 2263 si
630 2210 708 2264 adeo.
718 2210 818 2264 dotalis
835 2211 913 2277 regia
930 2210 1005 2264 cordi
1024 2214 1074 2277 est,

391 2284 579 2354 nudantque
597 2285 743 2338 adversum
761 2285 849 2339 fidens
864 2286 906 2338 ser
920 2289 1016 2353 pectus
1030 2286 1058 2337 in
1071 2286 1186 2339 hostem.
1208 2300 1246 2339 370

390 2359 507 2427 Scilicet,
524 2364 556 2414 ut
574 2360 665 2413 Turne
683 2362 825 2429 contingat
842 2361 918 2427 regia
936 2361 1060 2427 coniunx,

390 2436 417 2489 N
419 2452 457 2503 es,
476 2435 582 2489 animae
599 2437 675 2503 viles,
692 2436 833 2490 inhumata
850 2437 998 2504 infletaque
1016 2435 1106 2503 turba,

390 2512 552 2566 Sternamur
569 2512 677 2581 campis.
715 2513 805 2565 Etiam
825 2516 864 2579 tu,
882 2513 904 2564 si
923 2528 977 2580 qua
994 2511 1046 2564 tibi
1064 2512 1112 2579 vie,

390 2587 420 2641 Si
438 2588 521 2656 patrii
539 2587 607 2657 quid
625 2587 724 2642 Martis
742 2587 834 2655 habes,
853 2588 929 2641 illum
948 2587 1039 2656 aspice
1056 2590 1158 2653 centra,

390 2663 445 2727 Qui
464 2666 550 2717 vocat.
1209 2678 1245 2717 373

426 2738 537 2794 Talibus
555 2740 659 2794 exemit
677 2739 758 2793 dictis
776 2740 906 2794 violentia
923 2740 1027 2805 Turni,

391 2814 448 2867 Dat
465 2815 605 2883 gemitum,
623 2816 848 2892 rumpitqueqhas
865 2816 920 2870 ime
938 2821 1049 2885 pectore
1066 2832 1161 2871 voces:

391 2890 482 2958 Larga
500 2890 618 2959 quidem,
638 2892 754 2957 Drance,
776 2908 885 2959 semper
903 2892 954 2946 tibi
972 2893 1049 2959 copia
1066 2892 1142 2945 fandi

390 2965 469 3033 Tum,
486 2972 548 3019 cuin
565 2965 639 3020 bella
655 2984 752 3020 manus
769 2972 899 3036 poscunt;
922 2967 1102 3035 patribusque
1119 2966 1222 3021 vocatis

391 3041 501 3107 Primus
515 3041 589 3095 ades.
627 3041 683 3097 Sed
701 3059 754 3095 000
771 3042 903 3112 replenda
922 3046 965 3095 est
983 3042 1057 3095 curia
1075 3041 1173 3107 verbis,
1208 3057 1245 3095 330

391 3114 468 3181 erae
486 3121 547 3172 tute
565 3118 617 3171 tibi
635 3134 734 3186 magna
751 3119 849 3180 velant,
866 3118 931 3171 dum
951 3117 1066 3170 distinet
1083 3117 1190 3170 hostem

392 3195 488 3260 Agger
506 3210 654 3261 murorum,
672 3211 722 3247 nec
739 3193 873 3247 inundant
891 3194 1021 3261 sanguine
1038 3192 1134 3245 fessae.

392 3269 513 3322 Proinde
530 3272 597 3323 tona
615 3270 731 3339 eloquio,
750 3270 860 3324 solitum
880 3268 945 3333 tibi;
968 3284 1068 3336 meque
1087 3267 1194 3320 timeris

391 3347 489 3412 Argue
506 3347 545 3411 tu,
563 3346 678 3412 Drance,
697 3346 806 3413 quaudo
824 3349 868 3399 tet
885 3345 985 3412 stragis
1001 3358 1111 3397 acervos
1268 3307 1279 3404 i

390 3420 560 3473 Teucrorum
574 3425 621 3475 tue
639 3420 740 3479 dextra
758 3421 849 3491 dedit,
866 3421 1030 3494 pessimme
1043 3416 1176 3484 trepaeis
1225 3424 1269 3460 ἢ

377 3493 502 3559 JWZ'ffl'S
517 3511 608 3563 agros.
648 3498 745 3556 Possit
765 3500 839 3572 quid
857 3499 961 3557 vivida
974 3498 1085 3563 uirtus,

365 3562 524 3684 Expgr'are
540 3570 627 3641 licet;
648 3592 705 3633 nec
724 3579 814 3651 longe
833 3579 955 3636 sedicet
968 3576 1081 3632 uestes
