3242 4159
480 535 686 585 GEORGIOON
709 535 779 586 LIB.
802 536 840 585 11.
1068 540 1100 587 45

345 633 422 670 ocum
441 618 557 670 similem
576 618 731 683 exquirunt,
748 616 797 670 ubi
814 618 904 685 prims
919 621 1033 687 paretur

344 694 396 746 bus
415 710 501 760 seges,
520 701 549 745 et
567 709 621 760 quo
640 709 703 745 mox
721 692 829 760 digesta
847 694 958 762 feratur,

343 786 379 823 tm
397 770 526 836 ignorent
544 769 635 821 subito
655 785 690 823 ne
707 770 811 821 semina
828 773 954 824 matrem.

343 846 416 898 >tiam
434 845 501 898 caeli
520 845 658 911 regionem
675 844 703 897 in
724 844 825 897 cortice
843 846 959 914 signant,
1091 853 1100 881 ‘

343 938 362 975 o
381 938 506 998 quoeque
524 920 606 973 modo
624 920 742 987 steterit,
761 937 816 987 qun
833 924 914 989 perte
930 922 1035 977 calores
1061 937 1099 978 cro

343 1014 389 1051 nos
408 997 512 1064 tulerit,
531 1013 601 1064 queo
620 1000 699 1063 terga
716 995 868 1049 obverterit
885 998 939 1065 exi,

343 1077 419 1127 rant:
438 1074 507 1126 adeo
525 1073 553 1124 in
572 1073 675 1125 teneris
694 1088 871 1127 consuescere
888 1073 1006 1127 multum
1024 1079 1075 1129 est

343 1166 364 1202 rs
382 1166 417 1202 sn
436 1149 516 1218 pleno
535 1148 631 1201 melius
650 1149 686 1201 sit
704 1164 806 1215 ponere
823 1149 916 1216 vitem,

343 1242 350 1278 s
368 1226 451 1294 prius.
487 1224 516 1278 Si
534 1224 642 1293 pinguis
659 1240 739 1290 agros
757 1224 897 1278 metabere
915 1224 1010 1293 compi,

343 1318 419 1365 sere;
435 1302 461 1354 in
474 1301 559 1354 denso
569 1317 622 1353 non
636 1300 744 1367 segnior
755 1298 842 1354 ubere
854 1300 990 1366 Bacchus3
1061 1314 1097 1353 27⁵

343 1377 421 1429 mulis
439 1376 543 1429 adclive
562 1376 647 1428 solum
666 1376 796 1447 collisque
815 1376 933 1444 supinos,

343 1469 362 1506 ¹e
378 1452 527 1519 ordinibus,
545 1467 595 1503 nec
613 1451 698 1504 setius
716 1451 803 1505 omnis
820 1451 849 1504 in
865 1467 986 1520 unguem

343 1529 398 1581 ,bus
415 1528 512 1596 positis
530 1531 605 1580 secto
623 1528 666 1579 vis
684 1527 771 1580 limite
789 1528 915 1595 quadret.

343 1621 383 1672 epe
401 1604 506 1671 ingenti
524 1603 595 1656 bello
613 1619 674 1656 cum
692 1603 773 1671 longa
790 1603 916 1657 cohortes

343 1681 380 1733 uit
397 1680 475 1747 legio,
493 1683 522 1732 et
540 1696 635 1747 campo
653 1679 733 1732 stetit
750 1696 847 1746 agmen
865 1684 970 1748 aperto,
1061 1686 1096 1725 Μ

343 1772 425 1823 neque
443 1756 520 1821 acies,
538 1771 570 1807 sc
587 1755 644 1807 late
661 1755 776 1807 fluctuet
794 1755 882 1807 omnis

343 1830 474 1884 renidenti
494 1830 582 1897 tellus,
600 1830 717 1882 necdum
735 1829 847 1882 horride
863 1829 981 1884 miscent

343 1924 358 1974 t,
376 1907 425 1959 sed
443 1905 541 1959 dubius
559 1905 656 1958 mediis
675 1905 750 1957 Mars
769 1908 843 1959 erret
860 1905 890 1958 in
907 1907 990 1959 armis
1000 1927 1008 1973 ;

360 1982 416 2035 sint
433 1982 545 2050 paribus
563 1982 683 2034 numeris
701 1981 827 2035 dimensa
842 1981 963 2048 viarum3

343 2058 443 2111 nimum
461 2059 542 2111 modo
559 2058 600 2110 uti
619 2061 713 2125 pascet
730 2063 890 2126 prospectus
907 2058 1023 2126 inanem,
1058 2073 1095 2112 css

343 2134 382 2187 rie
399 2150 453 2187 non
471 2135 552 2187 aliter
569 2133 634 2186 viris
652 2133 730 2187 dabit
747 2133 873 2187 omnibus
891 2150 992 2203 aequas

352 2226 442 2277 neque
459 2209 487 2262 in
505 2226 618 2263 vacuum
636 2214 813 2277 poteruntne
832 2211 983 2265 extendere
1000 2210 1077 2263 remi

343 2286 405 2338 itan
424 2290 452 2339 et
471 2285 610 2339 scrobibus
628 2302 698 2352 quae
717 2286 773 2339 sint
790 2286 899 2353 fastigia
916 2302 1039 2355 quaeras.

359 2362 403 2415 vel
421 2362 498 2415 tenui
517 2362 599 2414 vitem
617 2364 788 2415 committere
806 2362 889 2415 sulco.

353 2455 384 2491 ec
401 2440 510 2507 penitus
529 2441 619 2491 terrae
638 2438 768 2503 defigitur
786 2436 875 2503 arbos,
1060 2453 1097 2491 rso

343 2530 378 2567 us
396 2514 423 2567 in
439 2514 541 2581 primis,
560 2531 639 2582 quae,
657 2516 789 2581 quantum
807 2512 909 2565 vertice
926 2512 962 2566 nd
980 2528 1060 2566 eurus

343 2590 399 2657 ries,
417 2593 524 2643 tantum
542 2591 634 2643 radice
652 2590 680 2641 in
699 2589 813 2642 Tartara
831 2587 928 2642 tendit.

343 2682 387 2718 ron
406 2665 509 2719 hiemes
528 2666 609 2731 illam,
627 2682 681 2718 non
700 2664 792 2730 flabra,
810 2681 901 2732 neque
918 2664 1021 2720 imbres

343 2741 420 2806 lunt;
439 2743 542 2795 inmota
559 2745 660 2807 manet,
679 2741 835 2809 multosque
853 2746 974 2811 nepotes,

351 2819 439 2871 virum
457 2819 567 2871 volvens
585 2818 710 2871 durando
728 2817 837 2871 saecula
853 2818 953 2883 vincit3
1062 2833 1098 2872 nes

343 2894 410 2947 'ortis
426 2895 484 2947 loto
502 2911 592 2946 ramos
610 2899 639 2947 et
657 2894 785 2948 bracchia
801 2894 920 2948 tendens

343 2970 396 3035 luc,
415 2970 507 3023 media
525 2970 584 3037 ipse
600 2969 740 3037 ingentem
760 2971 878 3024 sustinet
894 2969 1027 3023 umbram.

343 3063 356 3099 e
374 3046 425 3099 tibi
442 3046 479 3099 ad
497 3047 581 3100 solem
600 3051 715 3114 vergant
732 3047 826 3100 vineta
842 3047 1000 3110 cedentem

343 3122 411 3175 inter
430 3123 493 3176 vitis
511 3123 630 3189 corylum
649 3139 725 3188 sere;
743 3138 811 3176 neve
829 3122 936 3189 flagella

343 3200 436 3265 speie,
447 3202 496 3251 aut
506 3215 612 3251 summa
621 3198 745 3265 defringe
755 3215 789 3251 ex
799 3197 897 3250 arbore
905 3195 1013 3263 plantas
1020 3214 1029 3257 ;
1059 3207 1097 3247 soc

343 3290 347 3325 ι
366 3290 442 3326 amor
459 3273 638 3338 terrae3i1cu
656 3274 728 3327 ferro
747 3273 826 3326 laede
843 3275 954 3325 retunso

343 3366 369 3412 s;
381 3354 452 3401 'neve
469 3350 546 3403 oleae
563 3351 702 3406 silvestris
719 3350 815 3406 insere
832 3352 965 3405 truncos:

343 3437 401 3486 repo
418 3423 539 3478 incautis
556 3430 728 3495 pastoribus
749 3428 863 3485 excidit
879 3425 971 3496 igni&

343 3494 391 3543 tim
408 3499 514 3564 pingui
529 3506 665 3569 primurn
687 3509 746 3565 sub
767 3509 884 3565 cortice
901 3506 1019 3565 ΜΨ

343 3574 516 3645 conprendit,
536 3580 736 3662 frondesque
759 3589 892 3662 elapsus
909 3584 950 3641 ‘m
964 3578 1053 3636 Q*
1135 3571 1142 3599 ⁹¹
