3242 4159
381 528 428 577 rm
606 523 640 571 n·
656 522 809 570 vunnim
828 489 995 569 muneris

382 605 533 657 Proxumus
550 606 582 654 ut
600 601 734 654 viridante
752 604 813 654 toro
831 598 994 654 consederat
1011 600 1131 656 herbae:

383 680 496 744 Entello,
515 678 628 730 heroum
648 678 785 746 quondam
804 677 953 730 fortissime
972 676 1086 745 trustra,

381 757 503 809 Tantane
520 758 577 806 tam
595 754 702 821 patiens
720 754 794 805 nullo
813 754 961 807 certamine
981 753 1042 808 tolli
1206 772 1239 810 sse

382 833 459 884 Dona
478 830 565 883 sinesl
587 830 634 881 ubi
652 846 723 882 nunc
741 828 820 881 nobis
839 830 907 883 deus
926 830 973 883 ille
990 830 1127 899 magister

382 908 555 976 Nequiquam
572 910 739 959 memoratus
758 905 848 973 Eryxl
868 906 916 959 ubi
934 907 1007 958 fama
1024 923 1077 975 per
1096 924 1207 961 omnem

382 983 555 1048 Trinacriam,
575 985 604 1034 et
622 982 706 1049 spolia
724 980 772 1035 illa
790 983 845 1036 tuis
863 982 1013 1052 pendentia
1031 984 1134 1038 tectisl

384 1059 435 1113 llle
453 1057 504 1111 sub
522 1058 602 1111 hacc:
627 1058 690 1110 Non
708 1058 796 1111 laudis
815 1076 899 1126 amor,
918 1070 969 1112 nee
986 1055 1074 1127 gloria
1092 1062 1180 1114 cessit

361 1170 364 1177 -
383 1135 466 1189 Pulsa
482 1138 575 1199 metu;
596 1134 646 1187 sed
664 1135 736 1187 enim
754 1136 862 1203 gelidus
880 1135 1011 1189 tardante
1029 1140 1145 1190 senecta
1208 1152 1240 1190 as

383 1213 497 1281 Sanguis
514 1211 605 1279 hebet,
623 1212 779 1280 frigentque
799 1213 897 1266 effetae
915 1214 944 1265 in
962 1230 1076 1281 corpore
1093 1214 1175 1267 vires.

382 1290 410 1343 si
429 1290 502 1355 mihi,
522 1306 591 1358 quae
609 1288 746 1357 quondam
765 1290 863 1354 fuerat,
883 1305 991 1356 quaque
1008 1288 1144 1357 inprobus
1161 1289 1214 1343 iste

383 1366 511 1419 Exsultat
528 1365 622 1432 fidens,
642 1365 664 1417 si
682 1381 754 1418 nune
769 1359 843 1418 toret
862 1366 909 1418 illa
928 1366 1060 1432 iuventas,

383 1442 468 1495 Haud
486 1442 612 1511 equidem
630 1442 718 1509 pretio
736 1442 864 1495 inductus
882 1441 1050 1510 pulchroque
1069 1441 1185 1495 iuvenco

382 1518 532 1584 venissem,
552 1536 601 1571 noc
619 1518 690 1569 dona
707 1535 804 1571 moror.
843 1519 887 1572 Sic
906 1517 1005 1571 deinde
1023 1516 1132 1571 locutus
1207 1530 1241 1571 tet

383 1594 417 1646 In
435 1594 554 1647 medium
571 1593 693 1661 geminos
710 1594 812 1645 inmani
832 1593 955 1661 pondero
975 1597 1084 1646 caestus

383 1669 509 1737 Proiecit,
529 1669 627 1739 quibus
646 1687 708 1723 acer
727 1669 800 1738 Eryx
818 1669 847 1722 in
866 1670 970 1738 proelia
988 1672 1083 1723 suetus

383 1746 469 1800 Ecrre
487 1764 597 1800 manum
617 1747 742 1816 duroque
761 1746 906 1820 intendere
923 1745 1050 1799 bracchia
1067 1749 1156 1815 tergo.

384 1822 549 1892 Obstipuere
568 1825 664 1877 animi:
686 1827 825 1876 tantorum
843 1823 966 1890 ingentia
985 1825 1091 1890 septem

382 1898 470 1967 Terga
487 1900 569 1953 boum
588 1900 699 1969 plmnbo
717 1900 808 1953 insuto
825 1902 954 1968 terreque
972 1898 1108 1965 rigebant.
1206 1912 1242 1952 ses

383 1976 458 2028 Ante
476 1978 561 2029 omnis
580 1981 672 2045 stupet
689 1978 747 2045 ipse
767 1976 861 2043 Dares,
880 1977 1015 2044 longeque
1033 1976 1159 2041 recusat3

378 2052 627 2120 Magnanimusque
646 2051 826 2105 Anchisiades
845 2056 874 2105 et
892 2051 998 2120 pondus
1016 2053 1046 2104 et
1064 2048 1126 2120 ipsa

383 2127 445 2180 Huc
462 2128 525 2179 illuc
543 2128 691 2180 vinclorum
708 2128 832 2180 inmensa
850 2128 986 2181 volumina
1003 2130 1104 2181 versat.

382 2203 450 2255 Tum
469 2204 558 2256 senior
575 2204 637 2256 talis
656 2202 794 2256 reterebat
811 2207 925 2272 pectore
944 2220 1038 2257 voces:

383 2280 462 2345 Quid,
481 2280 502 2332 si
522 2279 583 2347 quis
600 2283 707 2332 caestus
725 2280 810 2347 ipsius
830 2285 858 2333 ot
878 2280 1005 2333 Herculis
1023 2296 1099 2332 arma
1206 2294 1243 2334 ao

383 2355 506 2409 Vidisset
522 2357 685 2425 tristemque
703 2355 753 2407 hoc
770 2355 830 2422 ipso
847 2355 874 2406 in
893 2356 974 2408 litore
991 2359 1128 2424 pugnaml

384 2433 460 2487 Haec
476 2450 621 2501 germanus
640 2434 712 2501 Eryx
730 2431 868 2501 quondam
886 2434 950 2484 tuus
968 2449 1043 2485 arma
1060 2431 1176 2499 gerebat
1184 2456 1226 2500 ;-

382 2510 518 2578 Sanguine
537 2510 625 2563 cernis
643 2509 732 2562 adhuc
751 2524 900 2576 sparsoque
918 2508 1019 2561 iniecta
1037 2509 1151 2562 cerebro
1160 2530 1204 2574 ;—

383 2586 435 2639 His
452 2603 580 2653 magnum
600 2585 717 2639 Alciden
735 2588 831 2657 contra
849 2584 944 2649 stetit3
962 2584 1004 2637 his
1023 2602 1074 2652 ego
1092 2589 1195 2651 suetus

382 2659 454 2712 Dum
472 2660 567 2713 melior
585 2662 650 2714 viris
669 2661 778 2728 sanguis
798 2660 889 2727 dabat,
909 2661 1016 2714 aemula
1033 2660 1151 2715 necdum
1206 2678 1243 2714 415

381 2734 559 2804 Temporibus
577 2737 691 2803 geminis
710 2736 825 2790 canebat
844 2753 938 2805 sparsa
956 2741 1090 2793 senectus.

382 2810 437 2864 Sed
455 2812 477 2865 si
494 2814 588 2864 nostra
605 2812 692 2864 Dares
709 2811 892 2885 haecffroius
910 2830 985 2866 arma
1002 2816 1119 2881 recusat,

383 2887 472 2956 quue
490 2888 534 2957 pio
553 2887 632 2940 sedet
652 2891 768 2955 Aeneae,
787 2889 889 2956 probat
907 2894 1002 2943 auctor
1022 2893 1146 2958 Acestes,

383 2969 541 3034 Aequernus
558 2981 682 3033 pugnas·
708 2964 800 3033 Erycis
820 2965 871 3018 tibi
890 2970 968 3033 terga
986 2966 1115 3031 remitto;
1187 3025 1189 3030 ,

383 3041 461 3095 Solve
479 3045 583 3105 metus;
604 3044 632 3093 ct
650 3044 682 3093 tu
700 3042 830 3094 Troianos
849 3059 918 3094 exuo
936 3046 1050 3095 caestus.
1206 3060 1243 3098 sao

383 3117 460 3171 Haec
477 3119 549 3170 intus
569 3117 704 3187 duplicem
724 3135 758 3170 cx
776 3119 898 3170 humeris
916 3118 1015 3171 reiecit
1032 3119 1169 3185 amictum,

383 3194 419 3246 Et
431 3212 542 3261 magnos
555 3195 740 3247 membrorum
753 3198 838 3261 artus,
850 3210 949 3261 magna
962 3212 1022 3247 ossa
1034 3194 1209 3263 lacertosque

383 3268 473 3337 Exuit,
493 3275 575 3339 atquc
593 3272 690 3339 ingens
707 3271 798 3325 media
817 3271 940 3323 consistit
959 3288 1047 3323 arena

383 3344 451 3398 'lum
470 3351 543 3400 satus
564 3347 684 3400 Anchisa
702 3351 809 3400 caestus
827 3351 909 3415 pater
927 3347 1027 3400 extulit
1045 3364 1157 3416 aequos.

383 3420 420 3472 Et
432 3424 547 3490 paribus
562 3425 670 3493 palmas
689 3425 833 3479 amborum
850 3424 977 3478 innexuit
993 3424 1086 3475 armis.
1206 3439 1246 3477 aas

370 3494 503 3554 Uorrstr'tit
518 3502 548 3555 in
571 3503 677 3574 digitos
696 3504 844 3576 extemplo
863 3504 994 3557 arrectus
1009 3502 1144 3561 uterque,
1200 3549 1202 3553 .

348 3567 550 3649 Bracchioque
570 3581 608 3637 acl
629 3600 758 3657 superas
775 3582 936 3652 interritus
953 3573 1066 3633 extulit
1078 3582 1175 3621 eum·
