3242 4159
386 521 435 579 'mo
621 526 650 574 Ρ.
669 521 823 573 runem
841 503 1005 573 unnorus

387 607 616 677 Quandoquidem
634 605 757 660 Ausonio
775 604 894 673 respersi
912 604 1043 672 sanguine
1060 605 1189 675 Teucros,

387 686 550 739 Henetiam
568 683 609 736 bis
628 682 734 747 addam,
754 684 802 734 tua
821 680 844 733 si
861 680 928 733 mihi
945 683 1022 734 certa
1039 682 1181 738 voluntas:

387 762 530 815 Finitimas
548 760 576 812 in
594 759 667 812 bella
684 760 771 811 feram
789 757 944 811 rumoribus
961 756 1054 825 urbes,

389 835 600 903 Acecndamque
619 834 723 888 animos
741 832 830 886 insani
848 833 948 887 MartIs
966 849 1066 903 amore,
1205 850 1239 889 sse

386 912 516 982 Undique
533 915 566 965 ut
583 909 683 964 auxilio
700 908 825 963 veniant:
844 925 971 978 spargam
988 925 1065 963 arma
1084 926 1137 980 per
1154 928 1237 980 agros

386 988 454 1043 'Ium
472 992 567 1042 eontra
585 987 669 1052 Iuno;
687 985 834 1040 'serrorum
852 989 882 1039 et
898 984 1004 1039 fraudis
1021 985 1134 1042 abunde
1152 992 1207 1043 est:

385 1064 467 1119 Stant
484 1063 549 1117 belli
567 1078 691 1116 caussae:
710 1063 849 1129 pugnatur
867 1062 1016 1115 comminus
1034 1063 1134 1129 urmis;

386 1140 462 1205 Quae
480 1139 536 1194 fors
553 1139 642 1208 prima
659 1138 746 1203 dedit,
765 1137 979 1206 sengmsrnorus
998 1138 1101 1193 imbuIt
1119 1155 1201 1193 arma

385 1217 461 1271 'l'alia
478 1214 603 1283 coniugia
620 1218 650 1268 et
666 1214 730 1268 talis
748 1213 888 1267 eelebrent
905 1214 1067 1283 hymenaeos
1205 1228 1237 1270 ses

386 1292 535 1361 Egregium
553 1291 670 1345 Veneris
687 1307 774 1360 genus
792 1293 822 1344 et
835 1306 889 1343 rex
906 1291 965 1359 ipse
984 1290 1108 1345 Latinus.

385 1369 424 1424 'Ie
442 1385 524 1437 super
541 1367 678 1422 aetherius
696 1383 789 1421 errare
807 1366 934 1420 licentius
951 1382 1033 1420 auras

386 1444 471 1498 Haud
490 1445 574 1498 Pater
591 1444 638 1498 ille
655 1443 729 1509 velit,
748 1442 846 1496 summi
863 1446 993 1510 regnator
1011 1442 1129 1511 Olympi·

386 1520 462 1575 Cede
479 1520 552 1574 locis
587 1519 654 1587 Ego,
672 1520 695 1572 si
713 1536 767 1587 qua
785 1535 868 1587 super
885 1518 996 1572 fortuna
1012 1518 1138 1573 laborum
1155 1521 1205 1586 est,

386 1596 452 1665 Ipsa
470 1613 569 1663 regam.
607 1596 679 1648 Talis
697 1593 814 1648 dederat
832 1595 961 1649 Saturnia
977 1611 1072 1661 reees3
1204 1608 1237 1650 se)

387 1674 439 1728 llla
457 1676 550 1726 nutem
568 1671 671 1725 attollit
690 1671 834 1725 stridentis
852 1671 987 1739 anguibus
1005 1671 1070 1739 alas,

380 1749 535 1819 Cocytique
554 1747 626 1818 petit
643 1748 744 1812 sedem,
762 1764 862 1816 supera
880 1748 966 1801 ardua
984 1744 1118 1815 linquens

386 1825 438 1880 Ilst
455 1826 529 1879 loeus
549 1824 648 1879 Italiae
667 1824 757 1877 medio
776 1823 827 1876 sub
844 1822 983 1877 montibus
1000 1823 1070 1893 altis,

387 1902 495 1956 Nobilis
514 1905 543 1955 et
561 1902 634 1955 fama
651 1900 745 1954 multis
763 1903 930 1954 memoratus
947 1900 976 1953 in
994 1900 1056 1965 oris,

387 1977 531 2031 Amsancti
549 1978 646 2043 valles;
665 1976 757 2030 densis
775 1976 847 2030 hunc
863 1976 1007 2030 frondibus
1024 1980 1117 2031 atrum
1204 1991 1237 2033 so

387 2052 495 2121 Urguet
513 2052 653 2121 utrimque
671 2053 743 2105 latus
760 2052 887 2120 nemoris,
904 2052 1052 2121 medioque
1069 2053 1194 2122 fragosus

386 2128 444 2183 Dat
461 2127 582 2181 sonitum
601 2128 673 2180 saxis
692 2131 721 2181 et
738 2130 813 2181 terto
832 2129 935 2183 vertice
952 2132 1067 2183 torrens

387 2205 442 2259 llic
460 2218 555 2271 specus
574 2202 741 2256 horrendum
759 2207 788 2257 et
806 2205 881 2260 saevi
899 2205 1033 2275 spiracula
1051 2203 1126 2259 Ditis

386 2280 584 2347 Monstrantur,
604 2282 742 2349 ruptoque
760 2280 857 2348 ingens
876 2282 1034 2336 Acheronte
1050 2297 1152 2351 vorago

388 2357 535 2411 Pestiferas
553 2355 642 2426 aperit
660 2356 759 2425 fauces,
778 2357 839 2425 quis
858 2358 968 2411 condita
986 2357 1089 2427 Erinys,
1127 2372 1131 2382 ·
1204 2370 1239 2414 ere

387 2433 510 2487 Invisum
528 2450 636 2500 numen,
654 2435 743 2486 terras
757 2433 922 2502 caelumque
939 2432 1055 2487 levabat.

421 2510 447 2563 N
450 2527 480 2564 ec
497 2510 587 2563 minus
605 2510 710 2563 interea
727 2512 879 2563 extremam
899 2510 1028 2563 Saturnia
1043 2508 1116 2563 bello

387 2585 499 2655 Inponit
517 2586 611 2653 regina
629 2602 745 2639 manum.
783 2585 852 2639 Ituit
870 2586 957 2638 omnis
974 2586 1003 2638 in
1020 2584 1117 2639 urbem

388 2660 532 2715 Pastorum
550 2678 584 2714 ex
602 2663 659 2714 acie
676 2677 813 2729 numerus,
830 2678 977 2731 caesosque
994 2664 1137 2730 reportant

388 2737 534 2790 Almonem
551 2753 666 2804 puerum
683 2737 845 2806 foedatique
862 2754 910 2791 ora
928 2738 1044 2804 Galaesi,
1205 2752 1240 2794 ers

388 2812 585 2881 Inplorantque
604 2812 677 2877 deos,
696 2812 927 2884 obtestanturque
945 2815 1082 2869 Latinum.

388 2888 494 2941 Turnus
512 2888 598 2955 adest,
616 2887 763 2957 medioque
780 2889 808 2942 in
826 2890 939 2944 crimine
957 2890 1048 2945 caedis
1066 2894 1095 2945 et
1112 2891 1172 2959 igni

388 2964 531 3018 Terrorem
547 2963 711 3031 ingeminat:
731 2964 849 3019 Teucros
868 2967 897 3019 in
914 2984 999 3035 regna
1015 2967 1120 3029 vocari3

388 3040 509 3109 Stirpem
527 3040 671 3094 admisceri
690 3040 851 3109 Phrygiam:
871 3060 901 3096 sc
918 3044 1012 3097 limine
1030 3043 1101 3112 pelli.

388 3116 464 3184 Tum,
478 3134 594 3186 querum
606 3117 739 3171 attonitae
752 3118 860 3172 Baccho
872 3135 983 3173 nemora
994 3120 1054 3173 avia
1066 3124 1171 3175 matres
1205 3134 1243 3174 sse

389 3192 528 3248 Insultant
540 3193 643 3261 thiasis,
649 3210 768 3263 -neque
780 3195 854 3249 enim
867 3196 926 3248 levc
938 3212 1036 3249 nomen
1049 3197 1213 3263 Amatae,-

391 3266 519 3337 Uudique
536 3269 642 3323 collecti
660 3273 765 3334 coeunt,
784 3270 958 3340 Martemque
976 3272 1099 3339 fatigant

389 3341 469 3397 Ilicet
486 3344 627 3399 infandum
645 3346 735 3399 cuncti
754 3350 849 3401 contra
867 3348 957 3401 omina
974 3347 1083 3413 bellum,

381 3416 485 3475 Contra
501 3421 562 3478 fata
581 3421 673 3492 deum,
693 3439 825 3494 perverso
842 3423 955 3477 numine
969 3427 1095 3490 poscunt

364 3491 507 3555 aeream
527 3501 609 3573 regis
627 3502 819 3559 circumstant
837 3503 918 3555 tecta
933 3498 1052 3558 betium
1222 3510 1264 3546 sss

393 3585 407 3626 9
428 3576 512 3635 velut
527 3582 633 3654 pelagi
654 3599 750 3653 rupes
769 3581 890 3636 inmota
903 3571 1027 3636 resistitis
