3242 4159
674 521 858 574 AENEIDOS
875 526 945 576 LIB.
963 524 987 576 Ι.
1227 528 1258 578 88

400 597 456 653 His
476 615 590 656 meones
607 603 821 670 superiactatos
839 622 957 675 aequore
975 607 1035 660 toto

398 675 494 745 Troas,
511 675 641 745 reliquias
659 677 784 732 Danaum
802 684 887 749 atque
905 682 1008 736 inmitis
1027 683 1135 753 Achilli,

400 751 527 807 Arcobat
543 752 626 820 longe
644 753 731 822 Latio,
751 756 907 826 multosque
924 775 975 826 per
993 776 1077 813 armos

400 827 547 896 Errabant,
565 829 619 882 acti
636 828 708 898 iotis,
726 831 813 885 maria
832 833 921 886 omnia
939 835 1046 888 circum.

399 901 505 958 Tantae
523 904 600 959 molis
619 909 681 959 erat
699 906 851 961 Romanam
870 909 989 963 condere
1006 914 1124 977 gentem

435 979 492 1033 Vix
509 997 526 1034 o
543 986 690 1049 conspectu
709 982 815 1037 Siculae
835 983 941 1039 telluris
958 986 986 1039 in
1004 987 1089 1041 altum

399 1057 473 1111 Vela
491 1056 595 1110 dabam
612 1057 685 1125 laeti,
705 1062 735 1112 et
753 1076 863 1128 spumas
882 1062 945 1115 salis
964 1078 1027 1116 uero
1043 1064 1168 1132 ruebant,

399 1133 472 1188 (lum
490 1134 567 1199 Iuno,
585 1138 729 1188 aetornum
749 1152 859 1189 servans
879 1137 929 1189 sub
947 1143 1058 1206 pectore
1076 1140 1178 1209 volum,

400 1210 479 1264 Haec
497 1226 603 1264 secum:
623 1210 705 1264 Meno
722 1212 832 1281 incepto
853 1213 986 1269 desistere
1004 1216 1111 1285 uictum,

399 1284 461 1340 Nec
477 1303 559 1355 posse
577 1287 660 1341 Italia
679 1287 844 1341 Teucrorum
864 1293 989 1343 avertere
1007 1279 1134 1359 regcml‘

400 1360 508 1431 Quippe
526 1365 604 1416 vetor
621 1364 693 1417 fatis.
732 1364 857 1418 Pallasne
877 1382 992 1420 exurere
1010 1367 1122 1421 classem

399 1439 535 1506 Argivom
553 1442 637 1508 atque
654 1440 727 1508 ipsos
745 1442 834 1509 potuit
854 1442 1028 1510 sulnnergere
1045 1446 1138 1511 ponto,

398 1515 489 1570 Unius
506 1515 542 1568 ob
559 1532 659 1570 noxam
678 1519 707 1568 et
725 1517 808 1570 fumas
828 1519 921 1570 Aiacis
940 1519 1009 1573 Oilei
1016 1521 1025 1573 'l

398 1589 473 1660 Ipsa,
493 1592 567 1645 Iouis
583 1592 710 1661 rapidum
727 1594 844 1648 iaculata
862 1611 878 1648 o
895 1594 1012 1648 nubibus
1028 1596 1127 1664 ignem,

398 1667 569 1738 Disieeitque
587 1673 662 1723 rates
681 1671 836 1738 evertitque
856 1688 973 1739 aequora
990 1673 1085 1737 ventis,
1129 1700 1133 1707 ·

398 1742 483 1799 Illum
501 1747 685 1815 exspirantem
704 1747 839 1799 transfixo·
856 1749 969 1816 pectore
987 1746 1109 1800 flammas

397 1820 519 1875 Turbine
536 1824 667 1891 corripuit
685 1824 851 1892 scopuloque
869 1823 959 1876 infixit
977 1826 1074 1888 acuto;

397 1897 455 1951 Ast
474 1915 532 1967 ego,
551 1915 621 1967 quae
640 1899 731 1952 divom
749 1899 845 1953 incedo
864 1900 964 1966 regina,
985 1899 1111 1966 Iovisque

396 1973 437 2027 Et
455 1991 531 2028 soror
548 1979 578 2029 et
595 1977 717 2044 conimrx,
735 1993 789 2028 una
808 1993 870 2029 cum
888 1978 970 2042 gente
989 1978 1033 2028 tot
1050 1992 1134 2029 annos

397 2050 479 2106 Bella
495 2069 569 2121 gero.
606 2051 643 2105 Et
661 2053 803 2121 quisquam
822 2069 922 2105 numen
943 2051 1053 2105 Iunonis
1069 2052 1167 2106 oderat

397 2127 556 2196 Praeterea,
574 2133 622 2182 aut
641 2129 755 2197 supplex
774 2129 828 2182 aris
846 2128 952 2197 inponit
969 2128 1115 2183 henorcml

338 2207 346 2224 ⁰
434 2205 509 2259 Talia
526 2205 664 2260 flammato
684 2223 774 2259 secum
793 2206 845 2258 dea
863 2205 945 2258 corde
963 2205 1087 2259 volutans
1229 2219 1254 2257 oo

396 2281 563 2336 Nimborum
577 2283 606 2334 in
623 2282 747 2350 patriam,
766 2282 825 2334 loca
842 2282 900 2334 foto.
918 2282 1071 2334 furentibus
1089 2283 1196 2345 austris,

397 2359 525 2411 Aeoliam
542 2359 625 2412 venit.
663 2358 716 2411 Hic
734 2361 811 2411 vasto
830 2374 879 2410 rex
899 2358 1002 2411 Aeolus
1021 2361 1099 2410 nistre

397 2433 542 2491 Luctantis
562 2439 658 2489 ventos
677 2437 911 2502 tempestatesque
930 2449 1039 2486 sonoras

397 2509 511 2578 Inpcrio
528 2512 630 2579 premit
648 2529 680 2565 ao
697 2510 791 2563 uinclis
810 2512 839 2562 et
857 2525 965 2562 carcero
983 2509 1079 2563 frenat.

396 2586 445 2641 Illi
462 2587 636 2656 indignantes
654 2604 752 2655 magno
771 2603 832 2640 cum
850 2601 988 2637 murmure
1007 2584 1106 2638 montis
1228 2602 1253 2640 55

396 2664 507 2718 Circum
525 2666 643 2719 claustra
661 2665 796 2729 ircunmt3
814 2662 886 2716 celsa
904 2662 983 2716 sodet
1002 2661 1105 2715 Aeolus
1122 2678 1183 2715 arce

395 2740 513 2810 Sceptra
531 2745 636 2809 tenens,
654 2742 796 2810 mollitque
815 2740 918 2793 animos
937 2742 966 2792 et
983 2741 1121 2806 temperat
1137 2739 1205 2805 iros3

394 2817 542 2886 uisscias,
561 2819 646 2872 moria
664 2835 695 2871 ac
714 2822 802 2871 terras
817 2816 976 2884 caelumque
994 2815 1160 2884 profundumr

396 2893 508 2964 Quippe
524 2896 616 2949 ferant
634 2895 722 2963 rapidi
740 2911 832 2948 secum
850 2897 1014 2960 verrantque
1032 2910 1083 2961 per
1099 2908 1188 2944 aune.

395 2971 454 3025 fleo
470 2975 552 3042 pater
570 2974 741 3041 omnipotens
760 2971 893 3038 speluncis
911 2970 1019 3023 abdidit
1036 2968 1111 3034 atris,
1228 2981 1252 3019 oe

395 3047 461 3102 Hoc
478 3053 612 3115 metuens,
629 3049 783 3116 molemque
802 3051 831 3100 ct
849 3047 950 3101 montis
968 3047 1079 3113 insuper
1096 3043 1166 3096 altos

394 3122 532 3194 Inposuit,
551 3142 700 3195 regemque
719 3125 804 3193 dedit,
824 3126 869 3192 qui
886 3123 997 3177 foedere
1015 3124 1090 3175 corto

393 3197 436 3254 Et
452 3220 580 3272 premere
598 3207 628 3257 ot
644 3204 721 3256 laxas
740 3202 822 3257 sciret
840 3201 906 3254 dare
923 3201 1012 3253 iussus
1029 3195 1154 3249 habenas.

394 3278 448 3332 Ad
464 3297 547 3348 quem
564 3283 624 3334 tum
643 3280 712 3334 Iuno
730 3278 845 3347 supplex
863 3277 905 3330 his
922 3274 1031 3329 vocibus
1048 3287 1098 3324 usa
1115 3274 1172 3324 cst:

434 3355 813 3426 Aeole,namquotibidir0m
826 3356 907 3423 poter
918 3347 1212 3421 atqrclmminuunron
1229 3358 1259 3395 ns

387 3431 432 3484 Et
445 3434 567 3486 mulcere
586 3432 665 3488 dedit
683 3433 786 3488 fluctus
805 3436 836 3487 ot
855 3432 956 3486 tollore
974 3431 1074 3494 uento,

378 3505 457 3558 Gens
472 3507 585 3562 inimico
603 3510 673 3564 milri
695 3511 877 3580 Tyrrhenum
897 3511 1023 3580 rrauigat
1039 3518 1168 3573 aeuum

363 3575 451 3632 Ilizmi
467 3579 498 3632 in
518 3583 636 3641 Italiam
655 3593 784 3658 portans
802 3592 968 3665 victosque
986 3583 1119 3646 Penatis
1126 3601 1139 3635 ·.
