3242 4159
383 537 432 583 240
619 534 648 583 Ρ,
669 534 822 583 VERGILI
838 535 1003 584 MARONIS

385 613 496 668 Invidet
513 612 648 682 inperium
667 632 798 684 seraeque
816 616 853 669 ad
869 615 951 669 fortia
967 617 1047 670 vires.

385 691 488 743 Natvnn
507 689 675 760 exhortarer,
692 691 719 744 ni
739 691 842 745 mixtus
859 696 947 746 matre
965 692 1075 747 Sabella
1206 710 1242 751 mo

385 767 459 820 Hinc
477 770 584 835 partem
603 769 708 837 patriae
726 767 858 822 traheret.
894 768 942 837 Tu,
960 769 1036 823 ouius
1054 772 1086 824 et
1105 772 1188 827 annis

385 844 422 896 Et
439 844 533 910 generi
551 843 608 896 fata
625 843 776 911 indulgent,
794 861 876 912 quom
894 845 1006 898 numina
1023 851 1155 915 poscunt,

385 919 543 987 Ingredere,
561 936 577 971 o
594 920 727 973 Teucrum
745 924 829 987 atquo
844 920 947 973 Italum
964 921 1118 977 fortissime
1134 924 1241 979 ductor.

385 996 466 1049 Hunc
485 994 536 1048 tibi
554 998 703 1064 practerea,
723 1013 785 1064 spes
804 999 833 1049 et
852 996 948 1050 solatia
965 998 1060 1064 nostri,

385 1072 507 1125 Pallanta
525 1070 687 1138 adiungam;
705 1072 755 1125 sub
774 1075 803 1125 te
821 1072 940 1125 tolerare
956 1073 1091 1140 magistro
1205 1090 1242 1130 515

384 1147 511 1200 Militiam
529 1150 559 1200 et
575 1164 659 1215 grave
678 1147 777 1201 Martis
796 1165 871 1217 opus,
889 1152 938 1202 tua
955 1165 1069 1202 cemere
1085 1150 1166 1206 facta

384 1223 547 1292 Adsuescat‚
566 1224 660 1293 primis
680 1227 708 1278 ct
724 1228 755 1277 te
773 1225 889 1278 miretur
906 1224 941 1277 ab
959 1224 1044 1279 annis.

384 1300 508 1354 Arcadas
525 1300 589 1354 huic
607 1302 714 1369 equites
732 1300 774 1353 bis
792 1303 909 1367 centurn,
928 1299 1027 1354 robora
1044 1300 1130 1370 pubis

383 1375 476 1444 Lecta,
495 1377 574 1444 dabo,
593 1376 765 1444 totidemque
783 1393 832 1430 suo
849 1376 899 1430 tibi
916 1376 1024 1429 nomine
1044 1376 1147 1433 Pallas

418 1451 473 1505 Vix
492 1470 524 1506 ea
541 1454 614 1506 fatus
633 1456 708 1506 erat:
734 1453 872 1521 defixique
890 1469 938 1506 ora
954 1452 1088 1505 tenebant
1204 1470 1241 1510 aaa

384 1529 493 1582 Aeneas
513 1528 691 1581 Anchisiades
710 1530 739 1580 et
758 1528 829 1581 fidus
848 1528 983 1593 Achates3

384 1604 529 1671 Multaque
547 1603 615 1656 dura
633 1620 681 1656 suo
700 1604 775 1657 tristi
792 1621 854 1658 cum
873 1604 955 1658 corde
972 1604 1119 1674 putabant,

384 1678 408 1731 N
412 1679 421 1731 i
439 1679 546 1747 signum
565 1680 640 1733 caelo
659 1679 795 1748 Cytherea
813 1680 936 1734 dedisset
954 1683 1059 1747 aperto.

383 1754 511 1824 Namque
529 1756 664 1825 inproviso
683 1756 805 1810 vibratus
824 1756 859 1810 ab
876 1757 988 1810 aethere
1005 1755 1095 1832 fulgor

384 1830 454 1883 (lum
472 1834 562 1885 sonitu
580 1834 661 1901 venit,
680 1836 708 1887 ot
726 1850 806 1887 ruere
824 1833 914 1886 omnia
931 1832 989 1885 visa
1006 1835 1131 1903 repente,
1202 1849 1240 1887 aas

384 1905 593 1976 Tyrrhenusque
611 1910 695 1962 tubae
713 1910 819 1977 mugire
837 1926 887 1977 por
905 1908 1017 1961 aethera
1034 1908 1156 1977 clangor.

384 1982 554 2050 Suspiciunt3
568 1985 669 2038 iterum
682 1989 765 2053 atque
777 1985 878 2038 iterum
891 1985 983 2061 fragor
994 1985 1118 2053 increpat
1129 1984 1238 2055 ingena

385 2058 471 2111 Arma
489 2058 561 2112 inter
579 2059 680 2112 nubem
698 2061 765 2112 caeli
783 2060 811 2112 in
830 2061 940 2128 regione
960 2076 1056 2113 serena

384 2134 438 2187 Per
456 2133 554 2186 sudum
573 2135 686 2187 rutilare
704 2134 800 2188 vident
819 2139 847 2189 ot
865 2136 944 2204 pulsa
962 2140 1065 2189 tonare.

384 2209 548 2278 Obstipuere
566 2210 662 2263 animis
681 2211 740 2275 alii;
764 2212 814 2264 sed
833 2213 928 2266 Troius
946 2212 1025 2265 heros
1203 2228 1240 2269 tao

384 2286 524 2353 Adgnovit
543 2287 661 2341 sonitum
680 2291 709 2340 et
726 2288 805 2340 divae
824 2289 956 2356 promissa
974 2288 1103 2355 parentis.

384 2362 452 2436 Tum
470 2367 616 2419 memorat:
643 2364 686 2417 No
703 2380 775 2431 vero,
796 2364 903 2432 hospes,
922 2381 957 2416 no
977 2378 1079 2432 quaere
1102 2365 1238 2433 profecto,

384 2439 471 2503 Quem
490 2457 581 2493 casum
599 2444 728 2509 portenta
745 2441 849 2494 ferant:
872 2456 923 2507 ego
941 2456 1038 2508 poscor
1056 2436 1183 2507 Olympo.

384 2514 446 2568 Hoc
464 2516 571 2583 signnm
589 2518 686 2570 cecinit
705 2517 848 2570 missuram
866 2516 930 2569 diva
948 2514 1073 2582 creatrix,

383 2589 412 2642 Si
430 2590 531 2644 bellum
550 2593 698 2660 ingrueret,
717 2592 903 2660 Volcaniaque
922 2607 998 2643 arma
1015 2606 1064 2659 per
1082 2606 1167 2645 auras
1202 2608 1240 2647 aas

383 2665 514 2718 Laturam
533 2667 640 2720 auxilio.

384 2741 448 2794 Heu
466 2745 584 2810 quantae
602 2742 707 2795 miseris
725 2744 824 2795 caedes
843 2744 1025 2796 Laurentibus
1043 2743 1164 2797 instant!

384 2817 457 2881 Quas
469 2832 569 2885 poenas
581 2816 655 2884 mihi,
668 2817 765 2883 Turne,
779 2818 873 2872 dabis!
888 2836 970 2885 quam
982 2817 1069 2871 multa
1081 2818 1133 2870 sub
1145 2821 1239 2875 undas

383 2893 466 2948 Scuta
484 2894 571 2947 virum
589 2894 735 2961 galeasque
754 2896 783 2947 ot
801 2895 883 2948 fortia
900 2912 1013 2963 corpora
1030 2894 1129 2962 volves,

349 3029 351 3034 A
383 2969 483 3039 Thybri
501 2973 594 3040 pater!
622 2969 740 3022 Poscant
759 2970 838 3034 acies
857 2974 886 3025 et
904 2972 1015 3024 foedera
1033 2974 1180 3039 rumpant!
1200 2987 1238 3027 so

418 3048 495 3102 Haec
513 3047 560 3101 ubi
579 3047 653 3101 diota
672 3046 755 3111 dedit,
774 3047 840 3101 solio
860 3065 889 3101 se
907 3047 980 3100 tollit
997 3048 1032 3099 ab
1050 3046 1122 3111 alt03

383 3124 420 3176 Et
437 3124 556 3191 primum
576 3124 719 3177 Herculeis
737 3124 840 3192 sopitas
857 3123 965 3191 ignibus
983 3140 1044 3176 aras

382 3198 499 3265 Excitat,
517 3200 731 3270 hesternumque
750 3199 849 3253 Larem
867 3216 1019 3269 parvosque
1038 3198 1152 3256 Penatis

382 3272 484 3327 Laetus
502 3275 575 3339 adit;
600 3280 720 3330 mactant
738 3277 823 3330 lectas
842 3278 970 3330 demere
988 3275 1107 3329 bidentis

384 3347 528 3402 Euandrus
543 3354 656 3419 pariter,
675 3354 779 3423 pariter
796 3355 912 3407 Troiana
929 3353 1062 3405 iuventus.
1199 3370 1238 3410 54⁵

367 3422 439 3480 Post
454 3426 523 3482 hinc
538 3428 578 3484 ed
596 3432 677 3487 navis
695 3431 835 3503 graditur,
854 3431 997 3493 sonosque
1011 3428 1127 3484 sonsa,

353 3496 481 3559 Quorum
504 3506 540 3562 de
561 3527 697 3579 nutriero,
716 3510 771 3581 qni
789 3509 854 3563 sose
872 3507 903 3558 in
916 3501 998 3555 bella
1015 3499 1181 3558 scammis

349 3571 537 3701 baffia*
554 3589 677 3645 vinum
698 3585 795 3658 regor
810 3594 887 3652 pars
904 3580 1006 3634 aaa
1019 3580 1115 3635 rw
