3242 4159
387 545 438 597 208
620 541 651 593 P.
669 538 823 589 VERGILI
840 537 1005 587 MARONIS

363 647 371 672 r
389 626 551 681 Adventare
568 622 664 690 virum,
682 625 712 676 et
730 620 818 690 partis
835 621 931 689 petere
947 633 1048 686 agmen
1065 619 1179 675 easdem
1215 617 1218 625 “

391 701 520 756 Partibus
537 716 572 754 ex
589 699 683 763 isdem,
701 702 730 751 et
748 714 854 751 summa
872 696 1038 749 dominarier
1055 713 1128 751 area
1217 709 1240 753 ⁷⁰

390 777 546 846 Praeterea,
563 776 645 830 castis
662 774 755 829 adolet
772 774 839 827 dum
856 772 955 827 altaria
971 771 1070 839 taedis,
1288 776 1291 796 ¹

390 852 431 908 Ut
449 853 527 907 iuxta
542 853 695 921 genitorem
712 850 805 904 adstat
823 848 938 903 Lavinia
953 848 1040 917 virgo,
1287 799 1294 932 l

391 929 466 997 Visa,
484 930 567 997 nefas,
586 928 673 996 longis
690 926 877 995 conprendere
893 924 1014 979 crinibus
1031 926 1135 1000 ignem,
1292 985 1293 996 χ

392 1008 487 1074 Atque
505 1021 613 1059 omnem
631 1007 758 1058 ornatum
775 1002 885 1055 flamma
903 1002 1057 1069 crepitante
1074 1000 1202 1070 cremari

391 1080 558 1149 Regalisque
575 1097 687 1134 accensa
704 1095 801 1144 comas,
819 1093 933 1131 accensa
944 1092 1086 1144 coronam,
1223 1089 1248 1133 π

393 1156 533 1225 insignem
550 1157 679 1224 gemmis;
696 1159 755 1209 turn
773 1153 879 1207 fumida
895 1153 998 1206 lumine
1014 1152 1091 1207 hilvo

393 1233 506 1301 Involvi,
524 1250 556 1286 ac
573 1233 640 1287 totis
658 1232 809 1286 Volcanum
827 1245 957 1298 spargere
975 1230 1064 1283 tectis

393 1309 429 1362 Id
446 1326 511 1364 vero
529 1309 744 1363 horrendumac
761 1307 822 1360 visu
839 1305 963 1359 mirabile
981 1305 1064 1360 ferri:

393 1386 520 1454 Namque
537 1386 595 1439 fore
611 1386 754 1438 inlustrem
771 1383 844 1435 fama
860 1381 981 1450 fatisque
998 1381 1139 1437 canebant

394 1462 494 1529 Ipsam,
513 1462 562 1514 sed
578 1461 678 1529 populo
695 1475 824 1527 magnum
841 1456 1007 1526 portendere
1023 1457 1137 1527 bellum,
1224 1472 1250 1513 so

395 1539 437 1591 At
454 1553 503 1590 rex
521 1536 652 1590 sollicitus
669 1534 806 1601 monstris
825 1533 933 1587 oracula
952 1532 1047 1601 Fauni,

395 1612 512 1665 Fatidici
529 1611 669 1679 genitoris,
686 1610 900 1677 adit‚'luoosque
918 1608 1044 1663 subalta

395 1688 518 1741 Consulit
537 1686 670 1751 Albunea,
687 1702 828 1739 nemorum
848 1701 918 1753 quae
935 1700 1065 1739 maxuma
1082 1702 1163 1741 sacro

396 1764 484 1817 Fonte
501 1767 587 1831 sonat,
606 1779 767 1831 saevamque
786 1761 896 1815 exhalat
914 1777 998 1828 opaea
1015 1762 1170 1830 mephitim

395 1839 470 1893 Hinc
488 1839 576 1893 Italae
594 1842 690 1907 gentes
708 1838 849 1905 omnisque
869 1836 1000 1891 Oenotria
1017 1837 1100 1891 tellus
1225 1852 1250 1893 ss

396 1915 430 1968 In
448 1915 538 1969 dubiis
556 1932 685 1983 responsa
701 1919 815 1983 petunt;
831 1914 885 1967 huc
903 1913 974 1967 dona
991 1914 1120 1967 sacerdos

396 1990 465 2044 Cum
483 1991 549 2044 tulit
566 1995 595 2044 et
613 2008 752 2044 caesarum
770 1991 861 2044 ovium
878 1989 929 2042 sub
946 1992 1027 2042 nocte
1045 1989 1138 2044 silenti

396 2064 518 2118 Pellibus
535 2065 659 2118 incubuit
677 2067 771 2120 stratis
789 2081 952 2133 somnosque
969 2064 1076 2133 petivit,

396 2140 486 2193 Multa
503 2139 590 2193 modis
610 2141 753 2194 simulacra
770 2142 848 2194 videt
865 2140 1008 2194 volitantia
1025 2141 1108 2210 miris,

396 2216 433 2269 Ilt
451 2215 539 2268 varias
557 2216 635 2269 audit
652 2232 738 2284 voces,
756 2217 913 2286 fruiturque
931 2216 1045 2277 deorum
1225 2233 1251 2273 so

397 2291 554 2361 conloquio,
573 2294 655 2361 atque
672 2292 733 2345 imis
753 2293 912 2347 Acheronta
929 2292 1040 2345 adfatur
1059 2294 1187 2349 Avernis

397 2368 452 2421 Hic
469 2372 498 2422 et
516 2372 575 2423 tum
593 2372 672 2437 pater
689 2369 747 2437 ipse
765 2373 863 2437 petens
880 2382 1010 2436 responsa
1027 2367 1145 2423 Latinus

398 2444 514 2499 dentum
531 2444 667 2512 lanigeras
684 2444 823 2499 mactabat
840 2445 894 2498 rite
911 2444 1039 2513 bidentis,

399 2522 493 2589 Atque
511 2522 608 2575 harum
626 2522 736 2575 effirltus
753 2525 832 2588 tergo
850 2520 1000 2588 stratisque
1014 2520 1124 2575 iacebat

398 2595 567 2651 Velleribus:
586 2597 676 2650 subita
694 2614 728 2651 ex
746 2598 801 2650 alto
819 2613 872 2649 vox
890 2596 1002 2649 reddita
1019 2596 1080 2650 luco
1098 2599 1157 2651 est:
1229 2608 1255 2649 st

398 2671 442 2725 Ne
459 2676 524 2740 pete
542 2673 682 2726 connubiis
698 2677 790 2726 natam
809 2673 911 2726 sociare
930 2673 1041 2738 Latinis,

400 2746 423 2800 Ο
442 2764 503 2799 mea
520 2748 670 2820 progenies,
689 2748 815 2801 thalamis
833 2765 887 2801 neu
904 2747 986 2802 crede
1003 2747 1122 2817 paratim

399 2822 514 2875 Externi
532 2823 645 2875 veniunt
662 2823 763 2890 generi,
782 2824 829 2892 qui
848 2824 978 2891 sanguine
994 2827 1120 2878 nostrum

399 2898 507 2951 Nomen
525 2898 552 2950 in
570 2900 645 2951 astra
661 2898 759 2967 forant,
777 2915 949 2968 quorumque
966 2899 1001 2953 ab
1019 2900 1107 2967 stirpe
1124 2904 1241 2969 nepotes

400 2972 499 3027 Omnia
517 2974 567 3027 suh
585 2973 709 3042 pedibus,
728 2991 782 3042 qua
800 2975 845 3029 Sol
863 2979 1012 3043 utrumque
1029 2991 1175 3029 recurrens
1216 2991 1253 3030 1oo

401 3051 508 3119 Aspicit
526 3043 681 3118 Oceanunff
690 3051 815 3118 vertique
833 3052 946 3118 regique
963 3051 1103 3105 videbunt.

400 3127 479 3181 Haec
496 3142 626 3195 responsa
643 3127 729 3195 patris
748 3127 835 3179 Fauni
852 3127 1026 3197 monitusque
1044 3127 1137 3181 silenti

400 3202 488 3256 Nocte
506 3203 586 3256 datos
603 3219 657 3255 non
675 3203 733 3271 ipse
751 3218 800 3255 suo
817 3203 918 3270 premit
935 3219 982 3257 ore
1001 3203 1123 3269 Latinus,

401 3279 456 3333 Sed
474 3280 574 3333 circum
592 3279 648 3333 late
664 3279 781 3333 volitans
798 3280 852 3331 iam
871 3278 956 3332 Fama
972 3294 1023 3346 per
1039 3278 1125 3331 urbes
1145 3274 1147 3278 ’

402 3355 537 3408 Ausonias
555 3354 663 3422 tulerat,
681 3371 742 3409 cum
761 3354 958 3408 Laomedontia
974 3353 1062 3424 pubes
1218 3367 1256 3407 10⁶

394 3428 543 3485 Gramineo
559 3431 638 3503 ripae
655 3431 786 3502 religavit
803 3430 839 3485 ab
856 3446 960 3499 aggere
976 3430 1100 3481 classem

408 3506 531 3563 Aeneas
548 3511 697 3584 primique
710 3511 809 3568 ‘duces
827 3512 858 3567 et
874 3505 993 3576 pulcher
1008 3502 1094 3553 lmus

360 3580 492 3654 ⁶⁷⁰1P01a
513 3590 571 3645 suh
591 3594 688 3650 ramis
709 3591 870 3664 deponunt
888 3579 1004 3639 arbmis
1019 3576 1108 3633 uitae,
