3242 4159
378 535 428 584 254
604 528 636 579 P.
649 526 800 576 VERGILI
817 524 983 575 MARONIS

379 610 510 668 Protinus
528 609 628 663 armati
645 608 791 673 inoeduut;
813 623 883 677 quos
900 606 988 661 omnis
1004 607 1100 661 euntis

381 689 535 742 l’rimorum
552 701 650 739 manus
668 686 704 739 ad
721 688 823 753 portas,
841 684 1027 752 iuvenumque
1046 699 1208 753 senumque,

380 763 560 831 Prosequitur
577 763 655 816 votis.
689 762 715 814 N
717 778 748 815 eo
765 777 820 814 non
837 764 867 815 et
884 760 997 829 pulcher
1015 759 1104 825 iulus,
1196 773 1230 813 uo

380 842 456 895 Ante
474 856 560 894 annos
577 839 750 906 animumque
768 853 868 905 gerens
886 851 1036 904 ourannqne
1053 836 1172 903 virilem,

379 917 469 971 Multa
487 916 560 985 patri
576 914 706 968 mandata
723 913 809 967 dabat
826 912 970 981 portanda
1004 911 1063 966 Sed
1079 928 1167 968 aurae

379 993 479 1047 Omnia
496 992 662 1057 discerpunt,
680 993 710 1043 et
727 988 846 1042 nubibus
863 988 946 1042 inrita
963 987 1076 1041 donant

413 1068 525 1137 Egressi
543 1069 674 1135 superant
691 1065 786 1133 fossas,
802 1064 945 1133 noctisque
961 1074 1013 1133 per
1030 1063 1161 1117 umbram
1245 1096 1249 1104 -

378 1145 476 1199 Castra
492 1143 602 1196 inimica
619 1144 727 1212 petrmt
746 1142 840 1195 multis
857 1145 950 1195 tamen
968 1143 1034 1194 ante
1051 1140 1141 1194 futuri
1197 1154 1232 1193 su

378 1219 478 1272 Exitio.
512 1219 618 1273 Passim
636 1234 730 1272 somno
748 1217 866 1287 vinoque
883 1232 934 1285 per
949 1215 1066 1269 herbam

378 1294 501 1365 Corpora
516 1295 577 1349 fusa
594 1294 697 1361 vident,
716 1296 837 1348 arrectos
854 1292 936 1346 litore
952 1307 1057 1359 currus,

379 1371 458 1425 Inter
474 1371 533 1425 lora
550 1374 681 1439 rotasque
698 1370 778 1435 viros,
796 1368 877 1421 simul
894 1384 972 1424 arma
988 1367 1087 1435 iaoere,

378 1446 452 1500 Vina
469 1447 558 1500 simul
595 1446 675 1500 Prior
693 1444 859 1514 Hyrtacides
876 1443 916 1497 sio
932 1460 981 1497 ore
997 1442 1123 1499 locutus:

378 1523 503 1591 Euryale,
522 1522 679 1576 audendum
698 1521 811 1586 dextra;
835 1536 907 1574 nuno
924 1518 985 1589 ipsa
1002 1523 1083 1573 voeat
1100 1535 1156 1574 res
1194 1535 1231 1574 ano

380 1598 441 1653 Hae
459 1599 514 1652 iter
532 1602 582 1652 est.
624 1597 673 1664 Tu,
690 1613 726 1650 ne
744 1612 799 1663 qua
816 1613 913 1650 manus
931 1613 961 1650 se
978 1596 1108 1650 attollere
1125 1597 1205 1651 nobis

379 1676 405 1729 A
424 1679 502 1743 tergo
519 1674 615 1743 possit,
633 1672 742 1727 custodi
756 1677 786 1726 et
803 1673 914 1727 consule
930 1672 1026 1741 louge;

379 1751 457 1806 Haeo
475 1768 526 1819 ego
544 1755 623 1805 vestu
640 1749 719 1814 dabo,
737 1752 766 1803 et
782 1749 839 1802 lato
856 1751 887 1803 te
903 1748 992 1803 limite
1009 1748 1117 1803 ducam.

379 1826 423 1881 Sic
441 1830 583 1894 memorat,
595 1842 744 1895 vocemque
760 1824 878 1894 premit3
897 1824 977 1878 simul
995 1841 1062 1878 ense
1079 1825 1230 1893 superbum

379 1903 561 1958 Rhamnetem
579 1903 749 1971 adgreditur,
767 1900 815 1971 qui
832 1901 904 1955 forte
921 1899 1063 1970 tapetibus
1079 1901 1147 1957 ultis
1193 1918 1230 1956 aas

378 1978 542 2032 Exstruotus
559 1982 619 2032 toto
636 1978 772 2047 proflabat
789 1980 902 2046 peotore
919 1992 1050 2043 somnum,

378 2052 440 2108 Rex
458 2053 539 2120 idem,
558 2058 587 2107 et
605 2054 663 2121 regi
681 2054 772 2106 Turno
790 2053 962 2122 gratissimus
979 2069 1083 2121 augur;

378 2128 434 2183 Sed
451 2145 505 2181 non
523 2131 636 2197 augurio
653 2129 743 2197 potuit
760 2130 900 2199 depellere
916 2132 1033 2198 pestem,

378 2206 438 2259 Tris
455 2205 533 2259 iuxta
550 2205 666 2259 famulos
683 2209 788 2260 temere
805 2206 880 2261 inter
896 2206 953 2260 tela
968 2204 1085 2260 iacentis

378 2282 611 2352 Armigernmque
620 2282 700 2336 Remi
712 2283 815 2351 premit
825 2282 1002 2351 aurigamque
1013 2281 1066 2335 sub
1078 2282 1148 2351 ipsis
1193 2299 1231 2339 333

378 2359 483 2412 Nactus
501 2359 586 2427 equis,
603 2360 731 2428 ferroque
749 2362 825 2412 senat
841 2358 991 2427 pendentia
1007 2358 1091 2424 oolla;

378 2434 447 2488 'lum
465 2438 548 2504 eaput
565 2436 617 2505 ipsi
636 2436 726 2490 aufert
744 2435 861 2502 domino,
877 2436 1061 2503 truncumque
1078 2434 1214 2505 relinquit

379 2511 516 2580 Sanguine
534 2512 745 2579 singultantem
768 2514 829 2565 atro
846 2510 985 2579 tepefacta
1002 2526 1099 2564 cruore

378 2586 462 2641 Terra
485 2588 595 2656 torique
617 2588 737 2641 madent.
772 2586 831 2641 Neo
853 2602 908 2639 uon
931 2581 1135 2656 Lamyrumque
1159 2589 1214 2643 La-

446 2679 577 2729 mumque
1265 2700 1268 2707 .

377 2738 415 2791 Et
432 2738 557 2791 iuvenem
576 2738 730 2805 Serranum,
748 2738 795 2791 illa
813 2737 860 2806 qui
877 2735 996 2805 plurima
1011 2740 1092 2791 nocte
1193 2755 1232 2794 333

378 2813 502 2880 Luserat,
519 2812 633 2879 insignis
651 2813 726 2879 iaoie,
744 2813 886 2881 multoque
902 2812 1011 2866 iacebat

377 2889 503 2943 Membra
521 2888 573 2941 deo
591 2888 698 2953 victua,
716 2888 790 2956 felin,
809 2889 833 2942 si
849 2888 974 2957 protinus
992 2889 1069 2942 illum
1093 2906 1100 2918 ·

378 2969 535 3036 Aequasset
552 2965 626 3019 nocti
643 2966 739 3018 ludum
757 2965 786 3017 iu
803 2966 947 3033 lucemque
964 2965 1081 3020 tulisset.

378 3044 509 3112 inpastus
528 3059 578 3096 oeu
595 3043 677 3110 plena
694 3042 736 3096 leo
753 3058 803 3109 per
821 3042 902 3095 ovilia
919 3041 1071 3095 turbans-

377 3119 482 3174 Suadet
499 3118 572 3173 enim
588 3135 689 3173 vesana
704 3117 986 3186 sames-manditque
1003 3118 1146 3188 trahitque
1169 3139 1232 3191 ,333

377 3195 462 3248 Molle
479 3211 563 3264 pecus
580 3199 742 3264 mutumque
758 3197 851 3258 metu;
873 3194 968 3248 fremit
985 3211 1033 3249 ure
1050 3200 1173 3253 cruento.

377 3271 403 3323 N
406 3288 437 3325 eo
455 3272 543 3323 minor
561 3271 672 3339 Euryali
690 3271 803 3336 eaedes3
827 3270 953 3324 incensus
970 3271 1076 3338 etipse

377 3347 506 3413 Periurit,
524 3363 555 3400 ao
572 3349 687 3402 multam
704 3348 733 3401 in
749 3347 841 3401 medio
858 3347 916 3400 sine
933 3347 1042 3401 nomine
1058 3346 1178 3416 plebem,

343 3422 533 3502 ‘Fadumque
562 3426 785 3500 Herbesumque
814 3423 892 3480 subit
915 3423 1111 3488 Rhoetumque
1135 3424 1212 3480 Aba·

416 3504 546 3578 riuique,

343 3576 473 3652 mlvii
492 3585 664 3664 Rhoetum,
686 3586 867 3661 vigilantem
885 3579 920 3633 et
935 3571 1041 3629 ouuota
1051 3564 1213 3623 utentem,
1225 3575 1270 3612 w,
