3242 4159
662 512 846 561 AENEIDOS
863 514 932 563 LIB.
952 514 1001 565 IV.
1212 519 1256 567 147

398 594 535 651 Gaudens
552 594 582 645 et
599 590 702 659 pariter
720 590 794 643 facta
811 594 895 659 atque
913 592 1014 646 inlecta
1031 594 1160 649 canebat:
1223 610 1259 648 1ao

399 669 520 725 Venisse
539 668 661 734 Aenean,
679 666 793 719 Troiano
813 667 944 735 sanguine
962 672 1077 738 cretum,

399 746 454 803 Oui
472 761 502 798 se
519 742 632 812 pulchra
649 742 708 795 viro
727 742 857 811 dignetur
874 743 988 812 iungere
1006 746 1093 812 Dido;

398 825 484 878 Nunc
500 820 617 873 hiemem
635 817 708 871 inter
727 835 756 871 se
775 819 847 886 luxu,
869 836 951 889 quam
968 821 1057 890 longa,
1073 824 1165 878 fovere

399 902 560 969 Regnorum
579 895 744 948 inmemores
762 897 893 966 turpique
911 897 1039 966 cupidine
1056 903 1157 968 captos.

401 978 482 1031 Haec
498 972 599 1041 passim
619 971 671 1025 dea
688 972 770 1025 foeda
788 973 877 1027 virum
897 974 1026 1028 diffundit
1043 975 1071 1028 in
1088 993 1143 1029 ora
1225 988 1260 1032 106

399 1052 533 1105 Protinus
550 1047 586 1101 ad
605 1065 698 1118 regem
712 1060 812 1103 'cursus
832 1050 980 1118 detorquet
998 1051 1107 1120 Iarban,

399 1127 585 1195 Incenditquc
604 1127 724 1180 animum
743 1126 824 1179 dictis
842 1131 927 1195 atque
944 1130 1058 1196 aggerat
1075 1128 1137 1182 iras.

437 1204 493 1258 llic
511 1203 667 1256 Hammone
685 1207 769 1271 satus,
787 1206 869 1272 rapta
887 1202 1082 1258 Garamantide
1100 1204 1234 1273 anpha,

399 1280 517 1349 Templa
534 1279 594 1332 lovi
612 1283 722 1333 centum
741 1281 805 1333 latis
823 1278 943 1332 inmania
960 1279 1059 1345 regnis,

399 1357 521 1412 (lentum
539 1370 599 1409 aras
616 1354 715 1421 posuit,
735 1352 899 1420 vigilemque
916 1357 1071 1408 sacraverat
1089 1355 1188 1422 ignem,
1222 1370 1260 1408 100

399 1432 539 1487 Excubiae
556 1430 646 1484 divom
664 1432 796 1495 aeternas,
816 1429 1008 1499 pecudumque
1027 1447 1123 1484 cruore

399 1509 508 1577 Pingue
526 1507 612 1561 solum
630 1508 660 1561 et
678 1505 759 1560 variis
777 1506 905 1560 florentia
923 1507 1017 1560 limina
1036 1508 1125 1561 sertis.

400 1586 488 1655 Isque
505 1600 598 1637 amens
616 1581 699 1635 animi
717 1583 747 1634 et
764 1598 873 1635 rumore
892 1600 1021 1640 accensus
1039 1599 1130 1638 amaro

400 1664 510 1718 Dicitur
527 1663 592 1715 ante
610 1675 671 1713 aras
690 1658 781 1713 media
798 1659 871 1712 inter
888 1660 999 1713 numina
1017 1661 1108 1714 divom
1221 1682 1225 1689 ·

400 1739 493 1795 Multa
510 1739 604 1791 Iovem
622 1735 747 1789 manibus
766 1736 882 1804 supplex
899 1753 991 1789 orasse
1009 1737 1125 1805 supinis:
1223 1754 1259 1793 aot

400 1816 530 1885 Iuppiter
548 1813 726 1881 omnipotens,
746 1811 790 1866 cui
808 1828 881 1866 nunc
900 1812 1040 1865 Maurusia
1056 1813 1137 1880 pictis

401 1893 478 1948 Gens
496 1889 606 1959 epulata
624 1890 691 1943 toris
710 1889 848 1943 Lenaeum
866 1889 935 1943 libat
952 1889 1090 1955 honorem,
1140 1887 1145 1901 '

401 1968 512 2037 Aspicis
529 1967 615 2022 heecl
636 1983 671 2020 au
689 1970 726 2033 te,
744 1965 859 2034 genitor,
878 1982 938 2018 cum
957 1965 1071 2019 fulmina
1089 1969 1211 2035 torques,

401 2045 576 2114 Nequiquam
594 2043 744 2110 horremus,
764 2041 893 2110 caecique
910 2041 938 2093 in
957 2040 1075 2094 nubibus
1092 2042 1169 2109 ignes

400 2122 564 2175 'lenificant
581 2120 684 2173 animos
703 2123 731 2172 et
748 2118 839 2171 inania
855 2134 996 2171 murmura
1012 2118 1143 2173 miscenti
1222 2134 1259 2173 aro

401 2198 524 2266 Femina,
542 2212 613 2265 quae
630 2195 730 2248 11011111
749 2210 843 2247 errans
860 2195 888 2247 111
906 2194 1006 2248 finibus
1023 2195 1120 2248 urbem

401 2274 537 2342 Exiguam
554 2272 644 2342 pretio
661 2272 760 2340 posuit,
778 2271 821 2324 cui
839 2271 904 2325 litus
922 2271 1055 2325 arandum

402 2350 508 2419 Cuique
524 2349 577 2403 loci
593 2348 669 2417 leges
687 2348 821 2414 dedimus,
840 2346 974 2399 connubia
991 2350 1085 2400 nostra

403 2426 536 2495 Reppulit
553 2442 585 2480 ae
603 2425 742 2479 dominum
763 2428 878 2478 Aenean
895 2423 923 2475 iu
941 2438 1027 2488 regna
1044 2423 1157 2490 recepit.

402 2504 440 2558 ut
457 2520 528 2557 nunc
545 2503 591 2556 ille
610 2502 687 2555 Paris
705 2518 766 2555 cum
785 2500 910 2554 semiviro
927 2499 1065 2564 comitatu,
1222 2514 1258 2552 115

401 2579 528 2633 Maeonia
545 2581 668 2632 mentum
686 2579 768 2631 mitra
786 2577 942 2644 crinemque
959 2574 1115 2629 madentem

402 2655 555 2723 Subnexus,
572 2658 655 2723 rapto
673 2655 793 2723 potitur:
813 2669 862 2705 1101
878 2667 993 2705 munera
1009 2651 1119 2721 templis

403 2733 511 2801 Quippe
529 2732 584 2786 tuis
601 2731 721 2798 ferimus,
741 2731 898 2799 famamque
914 2728 1039 2783 fovemus
1055 2729 1170 2783 inanem.

437 2808 548 2862 Talibus
565 2811 689 2862 orantem
711 2807 790 2861 dictis
809 2823 926 2876 arasque
944 2808 1084 2860 tenentem

403 2883 503 2938 Audiit
521 2885 697 2952 omnipotens,
718 2884 864 2952 oculosque
881 2882 918 2936 ad
936 2882 1042 2936 moenia
1059 2881 1141 2935 101111
1222 2898 1258 2934 mo

403 2960 491 3028 Regin
508 2964 537 3015 et
554 2960 655 3015 oblitos
673 2961 762 3015 faniae
781 2960 900 3015 melioris
917 2959 1041 3013 amantis.

401 3037 472 3090 'lum
490 3037 529 3091 sic
546 3037 713 3092 Mercurium
733 3037 893 3107 adloquitur
911 3053 942 3089 ac
960 3035 1026 3089 talia
1042 3034 1167 3088 mandat:

402 3112 483 3168 Vade
500 3131 559 3183 age,
576 3119 648 3182 nate,
666 3132 732 3169 voca
751 3115 888 3183 Zephyros
906 3117 935 3167 et
952 3110 1045 3164 labere
1062 3110 1165 3178 pennis,

401 3188 627 3261 Dardaniumque
645 3193 750 3261 ducem,
769 3191 849 3259 Tyria
868 3187 1038 3255 Karthagine
1056 3186 1103 3255 qui
1119 3200 1191 3237 nunc

401 3267 561 3337 Exspectat,
579 3270 700 3340 fatisque
719 3270 797 3323 datas
816 3283 870 3321 non
888 3264 999 3333 respicit
1016 3262 1106 3329 urbes,
1220 3276 1257 3314 111

402 3344 564 3413 Adloquere
582 3349 612 3400 et
629 3337 725 3400 celeris
743 3345 821 3399 defer
838 3359 900 3397 mea
916 3341 992 3395 dicta
1006 3355 1057 3410 per
1074 3352 1164 3391 auras.

393 3420 459 3472 Non
474 3422 551 3472 illuni
569 3421 650 3475 nobis
666 3423 799 3492 genetrix
819 3421 1012 3497 pulcherrima
1026 3417 1122 3473 talem

379 3491 516 3545 Promisit
533 3494 708 3567 Graiumque
727 3502 795 3558 ideo
815 3503 861 3561 bis
879 3502 1014 3561 vindieat
1031 3495 1145 3559 arms,

365 3561 430 3614 sed
443 3563 513 3631 mm,
534 3570 588 3637 ‘1¹¹¹'
602 3575 762 3641 mildam
782 3582 914 3658 inperiis
929 3582 1082 3653 belloque
1096 3564 1292 3631 {vomentem
