3242 4159
347 522 395 568 302
578 521 607 569 P.
627 520 781 569 VERGILI
799 519 967 570 MARONIS

350 599 429 653 llieet
446 599 474 652 in
491 616 584 653 muros
601 603 663 654 tota
681 600 845 654 discurritur
862 600 939 656 urbe.

348 676 499 729 Concilium
515 676 575 744 ipse
592 680 673 745 pater
690 679 719 729 et
736 691 836 743 magna
853 677 964 745 incepta
981 678 1098 734 Iatinon

349 752 459 805 Deserit
476 769 508 806 ac
525 753 599 806 tristi
617 752 744 806 turbatus
760 754 886 819 tempore
904 753 1004 821 differt,
1164 769 1196 810 iro

349 829 492 897 Multaque
511 846 541 883 se
558 830 671 894 incusat,
689 831 736 898 qui
754 846 808 883 non
826 831 963 899 acceperit
980 831 1054 885 ultro

349 905 518 958 Dardanium
537 906 658 973 Aenean,
675 922 863 975 generumque
880 906 1030 961 adsciverit
1045 907 1117 961 urbi.

349 981 528 1035 Praefodiunt
545 982 591 1034 alii
608 986 709 1049 portas,
728 986 777 1036 aut
795 999 861 1035 saxa
878 982 1016 1052 sudesque

349 1057 525 1111 Subnectant
562 1057 641 1110 Bello
660 1058 709 1111 dat
727 1059 835 1127 signum
852 1075 936 1112 rauca
953 1062 1097 1113 cruentum

349 1134 459 1187 Bucina
496 1134 565 1186 Tum
582 1150 674 1187 muros
691 1134 766 1188 varia
783 1135 893 1188 cinxere
910 1150 1010 1189 corona
1167 1150 1199 1190 ⁴7⁶

349 1210 493 1262 Matronae
510 1211 657 1278 pueriqne;
675 1214 753 1264 vocat
770 1210 848 1264 labor
865 1210 978 1264 ultimus
995 1212 1089 1265 omnis.

350 1286 479 1339 Necnon
497 1286 534 1340 ad
551 1287 685 1356 templum
704 1303 878 1354 summasque
896 1286 932 1339 ad
950 1286 1073 1341 Palladis
1090 1304 1168 1342 aroes

351 1361 517 1416 Subvehitur
533 1379 631 1431 niagno
647 1366 767 1416 matrum
784 1363 881 1429 regina
898 1365 1015 1429 caterva,

351 1436 429 1490 Dona
444 1439 542 1505 ferens,
560 1438 691 1507 iuxtaque
709 1455 799 1491 comes
818 1438 930 1491 Lavinia
946 1438 1031 1507 virgo,

351 1513 454 1567 Caussa
470 1515 534 1567 mali
552 1516 630 1580 tanti,
648 1515 739 1568 oculos
758 1514 866 1568 deiecta
883 1515 1005 1569 decoros.
1165 1528 1200 1567 aso

351 1588 504 1643 Succedunt
521 1593 630 1657 matres,
648 1594 678 1643 et
694 1591 828 1658 templum
846 1594 910 1645 ture
926 1594 1068 1659 vaporant,

352 1662 388 1717 llt
405 1669 523 1720 maestas
540 1665 595 1718 alto
613 1666 730 1719 fundunt
748 1666 783 1719 de
801 1666 1004 1734 limineroces:

352 1741 536 1810 Armipotens,
552 1758 662 1809 praeses
678 1742 751 1810 belli,
768 1741 891 1795 Tritonia
907 1741 991 1810 virgo,

352 1816 459 1885 Frange
476 1836 558 1872 manu
575 1818 661 1871 telum
681 1818 791 1885 Phrygii
809 1817 963 1885 praedonis,
981 1820 1010 1871 et
1028 1817 1121 1886 ipsum
1251 1875 1253 1880 ,

352 1891 471 1946 Pronum
489 1899 581 1948 sterne
599 1894 663 1962 solo,
680 1894 823 1962 portisque
841 1892 951 1947 effunde
968 1892 1020 1947 sub
1038 1893 1112 1947 altis.
1167 1911 1201 1949 sse

352 1967 476 2035 Cingitur
493 1970 551 2037 ipse
567 1970 661 2022 furens
678 1969 804 2023 certatim
821 1968 850 2022 in
867 1969 971 2037 proelia
988 1968 1104 2022 Turnus

352 2042 467 2111 Iamque
484 2045 553 2097 adeo
573 2044 706 2096 Rutulum
725 2044 839 2099 thoraca
854 2043 969 2098 indutus
986 2044 1063 2098 aenis

352 2119 491 2172 Horrebat
508 2119 636 2187 squamiS,
654 2136 786 2187 surasque
804 2120 952 2174 incluserat
969 2136 1043 2184 auro,

352 2194 484 2263 'l'empora
500 2193 589 2248 nudus
608 2194 704 2260 adhue,
723 2195 860 2265 laterique
879 2195 1035 2270 accinxerat
1052 2213 1157 2265 ensem,

352 2270 540 2340 Fulgebatque
556 2270 613 2324 alta
631 2269 778 2324 decurrens
796 2287 895 2325 aureus
912 2288 982 2339 arce,
1166 2286 1201 2326 eo

352 2347 532 2417 Exsultatque
548 2346 652 2414 animis,
670 2350 699 2400 et
716 2364 764 2415 spe
781 2347 836 2400 iam
852 2347 988 2417 praecipit
1003 2346 1128 2404 hostem:

352 2422 445 2486 Qualis
462 2422 510 2477 ubi
527 2422 651 2492 abruptis
669 2423 740 2491 fugit
759 2424 903 2491 praesepia
920 2422 1016 2477 vinclis

351 2498 472 2553 Tandem
488 2499 559 2553 liber
576 2516 670 2568 equus,
688 2515 838 2567 campoque
854 2498 959 2567 potitus
976 2502 1074 2567 aperto

353 2578 411 2630 Aut
428 2576 473 2629 ille
490 2576 519 2628 in
536 2579 631 2644 pastus
649 2579 828 2643 armentaque
846 2576 938 2630 tendit
955 2591 1097 2644 equarum,

354 2654 411 2705 Aut
428 2651 559 2705 adsuetus
577 2669 663 2720 aquae
681 2652 808 2721 perfundi
827 2651 938 2706 flumine
954 2655 1020 2705 noto
1168 2667 1203 2706 aas

352 2728 463 2795 Emicat,
480 2727 648 2794 arrectisque
665 2728 759 2781 fremit
777 2727 927 2781 cervicibus
941 2727 997 2782 alte

354 2802 510 2867 Luxuriam,
528 2801 682 2870 luduntque
699 2803 780 2856 iubae
797 2819 848 2871 per
865 2803 940 2869 eolla,
956 2818 1007 2871 per
1024 2818 1125 2857 armos

351 2878 439 2932 Obvia
456 2877 506 2944 cni,
524 2877 684 2930 Volscorum
702 2879 759 2931 acie
777 2880 932 2945 comitante,
948 2877 1063 2933 camilla

352 2955 485 3023 Occurrit,
502 2954 642 3023 portisque
660 2953 695 3006 ab
713 2971 783 3023 equo
800 2954 897 3021 regina
914 2954 965 3008 sub
982 2953 1051 3022 ipsis

352 3032 476 3099 Desiluit,
495 3049 577 3100 qnam
595 3034 655 3085 tota
672 3031 768 3084 cohors
785 3031 894 3084 imitata
911 3030 1012 3084 relictis
1170 3047 1205 3087 noo

352 3108 398 3161 Ad
416 3111 520 3161 terram
539 3107 655 3161 defluxit
673 3107 766 3175 equis3
784 3109 845 3162 tum
862 3107 930 3161 talia
946 3106 1034 3160 fatur:
1213 3113 1216 3118 “

350 3182 448 3250 Turne,
466 3184 507 3236 sni
525 3183 624 3236 merito
643 3183 665 3235 si
685 3199 739 3251 qua
756 3185 799 3236 est
817 3182 916 3236 fidncia
932 3181 1006 3247 forti,

353 3260 451 3313 Audeo
469 3264 498 3313 et
518 3260 680 3313 Aeneadum
697 3259 829 3327 promitto
846 3275 990 3313 occurrere
1007 3261 1120 3313 turmae

344 3333 465 3405 Solaque
485 3335 638 3407 Tyrrhenos
655 3335 762 3405 equites
780 3335 822 3388 ire
839 3335 919 3388 obvia
936 3338 1037 3389 contm

328 3408 382 3468 Me
399 3415 463 3472 sine
479 3415 576 3489 prima
592 3432 679 3472 mann
697 3415 840 3483 temptare
854 3411 979 3481 pericula
987 3410 1076 3482 belin.
1170 3426 1205 3466 sas

327 3486 361 3545 ΓΠ
377 3495 479 3566 pedes
494 3497 536 3554 ad
559 3514 662 3554 muros
679 3492 819 3558 subsiste,
836 3490 867 3541 et
882 3485 996 3540 moerim
1009 3496 1099 3565 serra

327 3563 424 3628 'umus
443 3578 487 3634 ad
505 3578 593 3649 haec,
618 3576 725 3633 oeulos
743 3564 896 3625 horrenda
910 3560 946 3611 in
959 3558 1071 3620 uirgine
1085 3552 1182 3602 inxur-
