3242 4159
364 584 366 588 Ι
399 524 429 570 2¹2
627 521 657 570 P.
679 521 834 569 VERGILI
856 520 1023 568 MARONIS

399 601 484 655 Venit
502 605 531 655 et
549 599 651 667 agresti
670 599 769 668 capitis
787 600 912 653 Silvanus
930 598 1041 666 honore,

398 676 537 731 Florentio
554 676 656 729 ferulas
674 678 704 729 et
720 674 837 742 grandia
854 675 910 728 lilia
928 690 1067 743 quassans.
1232 691 1257 729 25

398 754 456 807 Pan
475 752 544 805 deus
563 751 700 805 Arcadiae
717 750 800 816 vonit,
820 766 902 818 quem
919 750 1037 803 vidimus
1054 750 1107 818 ipsi

397 827 557 897 Sanguineis
576 826 649 880 ebuli
668 826 743 880 bacis
761 825 900 894 minioque
920 826 1072 879 mbentem.

397 905 499 974 Ecquis
517 904 571 957 erit
588 903 703 956 modusl
721 901 828 970 inquit;
852 904 939 955 Amor
957 918 1011 953 non
1029 902 1095 954 talia
1112 906 1205 968 curat;

396 982 424 1035 N
425 998 456 1037 ec
473 979 591 1035 lacrimis
609 978 728 1033 crudehs
748 978 844 1044 Amor,
864 994 915 1031 nec
931 978 1055 1045 grannna
1071 978 1144 1044 rivis,

396 1058 456 1113 Nec
473 1057 558 1126 cytiso
576 1058 735 1111 saturantur
755 1071 828 1125 apes,
847 1072 897 1110 nec
915 1054 1015 1108 ironde
1032 1056 1158 1123 capellae.
1230 1071 1256 1109 so

397 1133 494 1187 Tristis
511 1133 617 1187 atille:
640 1132 741 1185 Tamen
761 1131 915 1197 cantabitis,
936 1131 1067 1199 Arcades,
1085 1131 1182 1198 inquit,

397 1208 539 1264 Montibus
556 1207 623 1263 haec
641 1208 753 1262 vestris:
775 1207 826 1261 soli
845 1210 956 1260 cantare
974 1207 1056 1274 periti

397 1284 529 1339 Arcades.
567 1284 590 1337 Ο
609 1284 675 1337 mihi
693 1287 753 1338 tum
772 1299 855 1352 quam
874 1283 994 1336 molliter
1012 1300 1073 1337 ossa
1090 1284 1242 1352 quiescant,

396 1359 498 1415 Vestra
517 1377 592 1415 meos
611 1360 675 1414 olim
694 1360 717 1413 si
735 1360 829 1414 fistula
848 1360 922 1412 dieat
940 1364 1059 1413 amores!

396 1436 491 1505 Atque
509 1437 614 1491 utinam
633 1453 668 1490 ex
685 1435 762 1488 vobis
780 1451 857 1501 unus,
879 1436 1020 1503 vestrique
1038 1434 1150 1488 fuissem
1229 1450 1255 1490 ss

397 1513 458 1566 Aut
475 1515 566 1566 custos
583 1511 683 1579 gregis,
702 1514 751 1564 aut
768 1514 894 1565 maturae
914 1510 1015 1563 vinitor
1032 1514 1114 1564 uvae!
1175 1506 1177 1514 ’

397 1587 487 1656 (lente,
505 1587 562 1641 sive
579 1586 648 1640 mihi
667 1585 778 1655 Phyllis,
798 1586 855 1640 sive
873 1589 948 1640 esset
968 1588 1109 1654 Amyntas,

397 1662 452 1717 Seu
470 1662 635 1731 quicumque
648 1661 835 1730 faron—quid
849 1664 916 1730 tum,
932 1662 955 1714 si
971 1661 1063 1714 fuscus
1078 1663 1233 1727 Amyntas?

397 1738 434 1793 Et
452 1739 546 1807 nigrae
564 1738 651 1793 violae
670 1739 734 1792 sunt
752 1741 781 1791 et
800 1738 919 1791 vaccinia
935 1738 1048 1804 nigra-

396 1814 596 1869 Mccuminter
614 1815 710 1868 salices
727 1813 803 1867 lenta
822 1812 873 1867 sub
890 1814 946 1867 vito
963 1812 1082 1879 iacerct3
1227 1828 1254 1869 so

396 1888 478 1943 Serta
494 1889 560 1942 mihi
580 1889 682 1958 Phyllis
700 1888 814 1956 legeret,
833 1892 957 1943 cantaret
976 1891 1117 1956 Amyntas.

397 1964 452 2019 Hic
469 1964 554 2033 gelidi
571 1964 667 2030 fontes,
684 1964 728 2017 hie
747 1964 839 2017 mollia
856 1967 943 2032 prata,
962 1964 1064 2031 Lycori,

396 2040 452 2096 Hic
469 2056 580 2105 nemus;
601 2040 645 2093 hic
662 2040 721 2109 ipso
739 2043 832 2094 tecum
849 2056 1025 2093 consumerer
1042 2056 1117 2094 aevo,

396 2116 477 2170 Nunc
493 2115 604 2169 insanus
621 2131 698 2169 amor
715 2115 777 2169 duri
795 2131 840 2168 mc
859 2114 959 2168 Martis
977 2115 1005 2168 in
1023 2116 1107 2169 armis

396 2190 462 2245 'leia
477 2191 551 2244 inter
568 2191 662 2245 media
679 2193 763 2259 atque
781 2190 911 2244 adversos
932 2190 1039 2245 detinet
1056 2192 1154 2245 hostis:
1225 2207 1251 2248 ss

395 2266 437 2320 Tu
454 2266 547 2335 procul
565 2282 582 2320 a
598 2266 774 2336 petria-nec
792 2266 830 2319 sit
847 2266 913 2319 mihi
933 2267 1047 2321 eredere
1065 2272 1226 2323 tantum!-

395 2341 519 2412 Alpinas
537 2342 573 2396 ah
591 2342 667 2410 dura,
685 2342 763 2397 nives
781 2345 810 2396 et
828 2342 932 2410 frigora
951 2342 1041 2396 Rheni

395 2415 443 2472 Me
461 2418 519 2472 sine
537 2417 595 2473 sola
611 2417 695 2474 vides.
731 2418 786 2487 Ah,
803 2421 833 2473 te
850 2434 886 2472 ne
903 2418 1008 2487 frigora
1024 2419 1149 2475 laedant!

395 2493 449 2563 Ah,
466 2494 518 2549 tibi
535 2511 571 2549 ne
587 2498 697 2549 teneras
714 2494 815 2563 glacies
833 2498 908 2549 secet
925 2511 1022 2564 aspera
1039 2496 1160 2564 plantas!

395 2568 454 2637 Ibo,
473 2573 509 2638 et,
528 2570 683 2624 Chalcidico
703 2588 774 2639 quae
792 2574 856 2625 sunt
873 2570 941 2624 mihi
960 2571 1069 2625 condita
1086 2587 1167 2625 versu
1225 2588 1252 2627 so

395 2646 529 2712 Carmina,
547 2646 665 2714 pastoris
683 2647 766 2700 Siculi
784 2646 944 2700 modulabor
960 2664 1055 2702 avena.

395 2720 509 2776 Certum
527 2721 616 2780 estin
634 2721 708 2775 silvis
725 2720 798 2774 inter
816 2722 925 2791 spelaea
942 2722 1063 2776 ferarum

395 2796 479 2850 Malle
497 2796 555 2865 pati
573 2796 729 2865 tenerisque
746 2812 822 2851 meos
839 2797 960 2851 incidere
980 2814 1086 2852 amores

396 2871 566 2937 Arboribus;
585 2875 708 2926 crescent
725 2871 795 2940 illae,
815 2876 951 2941 crescatis,
970 2891 1085 2928 amores.

396 2947 508 3002 Interea
524 2947 618 3001 mixtis
635 2946 758 3001 lustrabo
776 2949 903 3003 Maenala
921 2950 1062 3018 Nymphis,
1224 2968 1250 3008 55

395 3024 457 3078 Aut
473 3024 544 3079 acris
560 3023 681 3078 venabor
697 3040 784 3094 apros.
822 3025 885 3078 Non
903 3042 947 3079 me
964 3026 1020 3079 ulla
1037 3026 1170 3080 vetabunt

396 3099 511 3169 Frigora
529 3099 690 3155 Parthenios
707 3100 820 3154 canibus
839 3101 1008 3155 circumdare
1025 3103 1117 3157 saltus.

397 3174 457 3229 Iam
474 3176 540 3229 mihi
557 3193 608 3246 per
624 3191 707 3245 rupes
726 3175 822 3229 videor
840 3176 971 3246 lucosque
989 3179 1110 3232 sonantis

397 3250 458 3317 Ire;
478 3250 547 3305 libet
565 3252 668 3307 Partho
685 3254 817 3321 torquere
835 3251 956 3320 Cydonia
974 3270 1058 3307 cornu

383 3316 697 3397 Spicula-Tamquam
711 3326 780 3383 haec
794 3328 832 3383 sit
846 3330 935 3383 nostri
948 3329 1084 3384 medicina
1095 3330 1204 3399 hrroris,
1224 3346 1250 3385 eo

366 3392 436 3445 Aut
450 3395 526 3451 deus
539 3399 592 3455 ille
608 3404 693 3459 malis
709 3404 860 3461 hominum
876 3406 1028 3461 mitescere
1046 3404 1153 3458 discatt

357 3457 419 3515 ω’]
433 3481 538 3538 ”equo
557 3476 790 3553 Hamadryades
810 3499 917 3539 rursus
933 3500 989 3537 nec
1007 3480 1135 3535 carmina
1149 3475 1236 3529 nobis

357 3541 407 3586 ⁰⁸³
418 3540 572 3617 Flam&
591 3554 681 3624 ipsae
700 3577 812 3619 nusus
832 3559 993 3619 concedite
1013 3558 1116 3614 siluae.
