3242 4159
382 529 413 576 94
617 527 646 574 P.
665 525 820 574 VERGILI
836 525 1001 575 MARONIS

383 609 408 662 N
410 626 442 662 ec
459 608 552 677 procul
570 607 633 661 hinc
652 607 736 660 Rhesi
756 608 843 660 niveis
859 608 980 662 tentoria
996 608 1065 663 velis

383 685 537 753 Adgnoscit
555 684 705 750 lacrimans,
723 685 813 752 primo
832 701 902 751 quae
920 684 1032 752 prodita
1050 702 1147 742 somno
1209 701 1248 744 lto

383 761 500 831 Tydides
518 760 605 814 multa
624 760 750 814 vastabat
769 760 854 813 caede
873 766 1008 829 cruentus,

383 839 570 906 Ardentisque
589 840 688 892 avert't
707 855 791 906 equos
809 838 837 890 in
856 843 953 906 castra,
971 842 1048 907 prius
1066 857 1152 908 quam

383 914 487 968 Pabula
504 919 663 981 gustassent
682 915 777 968 Troiae
797 915 995 983 Xanthumque
1012 915 1156 971 bibissent

383 990 467 1045 Parte
485 993 538 1045 alia
555 992 662 1059 fugiens
682 993 787 1045 amissis
806 992 914 1044 Troilus
932 991 1022 1058 armis,

384 1067 482 1121 Infelix
500 1085 570 1136 puer
588 1073 672 1136 atque
690 1069 769 1137 inpar
786 1085 949 1136 congressus
968 1067 1078 1134 Achilli,
1205 1085 1244 1126 ers

383 1142 485 1197 Fertur
503 1145 588 1212 equis,
606 1161 744 1212 curruque
761 1145 858 1198 haeret
876 1145 1020 1212 resupinus
1038 1144 1118 1209 inani,

383 1219 455 1273 Lora
481 1224 576 1273 tenens
603 1225 711 1285 tamen3
736 1221 799 1274 huic
826 1220 972 1288 cervixque
1002 1236 1153 1288 comaeque
1183 1228 1242 1276 tra-

451 1295 554 1349 huntur

383 1370 438 1425 Pcr
455 1377 566 1440 terram,
584 1375 613 1425 et
631 1388 709 1425 versa
726 1371 817 1439 pulvis
834 1371 993 1425 inscribitur
1010 1372 1097 1425 hesta

384 1448 496 1502 Interea
514 1449 549 1501 ad
567 1448 699 1515 templum
717 1464 771 1499 non
789 1463 893 1514 aequae
912 1448 1032 1501 Palladis
1049 1448 1126 1501 ibant

383 1524 509 1577 Crinibus
530 1523 630 1576 Iliades
648 1522 734 1589 passis
753 1523 920 1591 peplumque
938 1524 1070 1590 ferebant,
1202 1539 1240 1578 eso

383 1599 547 1668 Suppliciter
565 1599 659 1652 tristes
677 1601 707 1651 et
724 1602 822 1651 tunsae
840 1603 954 1667 pectora
971 1600 1084 1667 palmis;

383 1677 454 1729 Diva
471 1677 527 1729 solo
545 1677 614 1729 fixos
632 1675 723 1727 oculos
742 1691 837 1729 aversa
855 1676 976 1732 tenebat.

383 1753 436 1807 Ter
453 1754 553 1806 circum
574 1753 670 1806 Iliacos
688 1756 845 1819 raptaverat
865 1752 987 1806 llectora
1004 1769 1102 1818 muros,

383 1828 601 1897 leanimumque
619 1845 685 1882 auro
703 1845 801 1895 corpus
820 1828 957 1882 vendebat
975 1829 1102 1900 Achilles.

384 1906 452 1958 Tum
469 1923 533 1959 vero
551 1907 689 1973 ingentem
706 1906 838 1972 gemitum
857 1904 906 1957 dat
923 1909 1034 1973 pectore
1052 1904 1088 1958 ab
1106 1906 1169 1968 imo,
1200 1922 1237 1961 oso

383 1981 424 2035 Ut
441 1982 532 2049 spolia,
550 1987 583 2035 ut
601 1997 703 2046 currus,
722 1985 807 2047 utque
826 1981 914 2048 ipsum
933 1997 1030 2049 eorpus
1048 1982 1135 2048 aurici,

384 2058 607 2126 Tendentemque
626 2073 722 2110 manus
741 2056 880 2109 Priamum
898 2057 1038 2124 conspexit
1056 2057 1176 2113 inermis

384 2133 420 2186 Se
438 2150 546 2201 quoquo
565 2133 729 2201 principibus
748 2132 915 2201 permixtum
933 2133 1063 2200 adgnovit
1081 2134 1204 2205 Achivis,

384 2210 508 2277 Iloasquo
527 2209 597 2262 acies
616 2213 644 2262 et
662 2209 733 2276 nigri
751 2209 905 2261 Memnonis
923 2226 1005 2263 amia.

384 2285 468 2338 Ducit
487 2285 686 2339 Arrrazonidum
704 2285 805 2338 lunatis
824 2285 932 2352 agmina
949 2286 1031 2354 peltis
1199 2305 1237 2343 coo

384 2361 557 2415 Penthesilea
574 2362 675 2428 furens,
693 2361 847 2429 mediisque
865 2362 893 2414 in
910 2361 1020 2415 milibus
1037 2362 1126 2431 ardet,

384 2438 478 2492 Aurea
495 2438 658 2491 subnectens
677 2442 802 2491 exsertae
821 2438 929 2505 cingula
946 2454 1087 2504 mammae,

383 2512 524 2581 Bedunia,
543 2514 682 2583 audetque
700 2515 763 2567 u'ris
781 2530 943 2567 concurrere
961 2515 1044 2581 virgo.

419 2590 495 2643 Haec
513 2591 580 2643 dmn
598 2590 737 2643 Dardanio
757 2592 868 2643 Aeneae
887 2590 1011 2643 miranda
1029 2590 1166 2659 videntur!

382 2663 455 2718 Dum
475 2669 575 2733 stupet,
595 2666 747 2733 obtutuque
765 2666 861 2719 haeret
879 2666 985 2720 defixus
1002 2667 1029 2719 iu
1047 2683 1109 2735 une,
1199 2683 1237 2721 eos

383 2741 489 2809 Regina
507 2741 542 2794 ad
561 2742 701 2809 templum,
720 2742 809 2794 sonna
826 2743 1009 2811 pulcherrima
1026 2743 1106 2809 Dido,

384 2818 507 2883 Incessit,
526 2833 625 2883 magna
643 2817 770 2871 iuvenum
789 2820 910 2887 stipante
928 2823 1044 2873 caterva

383 2893 476 2958 Qualis
493 2894 522 2946 in
541 2893 660 2946 Eurotae
678 2894 745 2962 ripis
763 2900 810 2949 aut
829 2912 879 2963 per
896 2897 960 2963 iuga
979 2894 1080 2962 Cynthi

383 2969 501 3023 Exercet
519 2969 607 3023 Diana
623 2971 727 3037 choros,
746 2989 829 3040 quarn
847 2973 920 3025 mille
939 2976 1050 3026 secutae
1171 3037 1174 3042 Ι
1200 2989 1238 3028 ⁴oe

382 3046 455 3099 Ilinc
473 3050 557 3115 atque
569 3046 632 3100 hine
644 3048 831 3114 glomerantur
844 3048 981 3112 Oreades;
993 3048 1039 3100 illa
1050 3047 1210 3115 plrmetrmn

383 3122 451 3176 Fert
469 3123 589 3188 humero,
607 3123 791 3193 gradiensque
810 3124 876 3177 deas
895 3125 1079 3192 supereminet
1097 3124 1199 3180 omnis:

383 3198 504 3251 Latonae
521 3200 635 3252 tacitum
654 3204 842 3270 pertemptant
860 3200 961 3267 gaudia
978 3204 1088 3267 pectus:

382 3274 455 3327 Talis
474 3279 533 3327 erat
552 3276 630 3341 Dido,
648 3276 731 3330 talem
750 3294 779 3329 se
796 3277 871 3329 lacta
887 3277 994 3330 ferebat

347 3394 360 3416 .·
383 3347 436 3402 l'er
454 3350 564 3414 medios,
583 3352 687 3405 instans
705 3353 782 3421 operi
800 3353 946 3420 regnisque
964 3352 1071 3407 futuris.

378 3423 445 3475 Turn
462 3426 569 3479 foribus
587 3428 674 3496 (lirae,
693 3429 787 3484 media
805 3428 947 3483 testudine
963 3427 1069 3493 templi,
1199 3445 1239 3486 ees

353 3495 462 3562 Saepta
481 3504 576 3572 aruris
594 3508 730 3580 solioque
749 3509 809 3564 alte
828 3506 950 3561 subnixa
965 3502 1083 3556 resedit.

345 3562 410 3621 ῙΠΙῚΙ
430 3572 525 3632 dabat
543 3581 693 3658 legesque
714 3588 799 3662 viris²
818 3595 1004 3656 operumque
1016 3575 1151 3628 bhbffim
