3242 4159
376 527 424 575 266
625 517 808 574 AENEIDOs
825 525 896 573 LIB.
915 525 965 573 IX.

371 606 450 660 Unus
467 606 556 676 homo,
574 610 604 661 et
621 606 728 673 restris,
747 622 763 659 o
781 606 861 673 cives,
879 605 1002 674 undique
1020 612 1132 675 saeptus

375 682 536 751 Aggeribus,
555 685 647 737 tantas
665 686 771 750 strages
789 683 890 750 inpune
907 698 957 750 per
974 682 1071 735 urbem

371 757 512 812 Ildideritl
530 759 658 811 iuvenum
675 758 778 826 primos
796 760 840 811 tot
858 758 964 810 miserit
982 756 1068 811 Orcol
1182 775 1219 816 7⁸5

370 833 432 886 Non
449 834 563 887 infelicis
581 834 686 901 patriae
704 837 884 902 veterumque
902 833 1016 886 deorum

369 908 407 962 Ilt
424 910 516 977 magni
534 912 653 976 Aeneae,
671 926 775 977 segnes,
794 910 962 978 miseretque
979 909 1138 978 pudetque?

369 984 479 1039 Talibus
497 986 601 1039 accensi
619 986 771 1049 firmantur,
790 988 819 1038 et
836 985 944 1053 agmine
963 985 1047 1038 denso

369 1059 536 1114 Consistunt.
571 1060 678 1113 Turnus
695 1060 829 1129 paulatim
847 1061 980 1114 excedere
996 1061 1089 1130 pugna

368 1134 405 1189 Et
422 1136 533 1189 fluvium
551 1140 647 1205 petere
665 1153 697 1190 ac
714 1139 830 1205 partem,
849 1153 920 1204 quae
938 1136 1057 1204 cingitur
1074 1138 1156 1191 unda
1181 1152 1219 1193 rm

369 1212 469 1265 Acrius
486 1212 537 1265 hoc
556 1212 653 1266 Teucri
670 1212 789 1266 clamore
806 1211 965 1266 incumbere
982 1229 1088 1281 magne,

368 1286 405 1342 Et
421 1288 574 1356 glomerare
591 1305 715 1342 manum:
733 1305 783 1342 ceu
801 1304 912 1342 saevum
930 1286 1013 1341 turba
1029 1288 1137 1343 leonem

369 1364 440 1418 (lum
457 1365 521 1419 telis
538 1357 640 1432 premit
657 1365 783 1431 infensis3
802 1367 832 1419 at
849 1364 964 1417 territus
981 1364 1036 1431 ille,

370 1441 468 1509 Asper,
487 1441 585 1495 acerba
602 1444 689 1509 tuens,
707 1444 782 1494 retro
800 1440 889 1505 redit3
907 1443 936 1493 et
953 1456 1042 1507 neque
1060 1443 1140 1509 terga
1189 1445 1192 1451 '

369 1516 416 1569 Ira
434 1518 501 1571 dare
518 1520 566 1571 aut
583 1517 671 1571 virtus
689 1517 801 1585 patitur,
820 1532 871 1570 nec
888 1515 1003 1570 tendere
1021 1519 1123 1585 contra,
1180 1532 1217 1573 ras

369 1590 421 1645 Ille
440 1593 551 1661 quidem
568 1591 620 1645 hoc
637 1592 755 1661 cupiens,
772 1592 845 1661 potis
863 1595 907 1645 est
924 1608 975 1660 per
993 1592 1049 1646 tela
1064 1592 1198 1662 virosque.

369 1667 453 1722 Haud
471 1669 551 1722 aliter
568 1671 645 1722 retro
662 1667 762 1721 dubius
779 1668 896 1735 vestigia
914 1668 1033 1735 Turnus>

369 1744 551 1814 Inproperata
567 1746 659 1814 refert,
677 1748 706 1799 et
722 1762 800 1799 mens
818 1747 962 1799 exaestuat
978 1744 1027 1798 ira

369 1820 440 1885 Quin
459 1821 542 1875 etiam
559 1821 603 1875 bis
620 1825 679 1875 tum
697 1821 801 1876 medios
819 1820 956 1874 invaserat
973 1820 1067 1888 hostis,

368 1895 416 1964 Bis
434 1898 544 1951 contina
561 1898 627 1966 fuga
643 1914 693 1966 per
711 1914 803 1950 muros
820 1897 928 1965 agmina
945 1898 1045 1963 vertit3
1179 1915 1218 1954 eoo

368 1969 423 2025 Sed
441 1988 537 2026 manus
555 1990 571 2026 e
589 1973 686 2027 castris
704 1990 822 2042 propere
840 1973 896 2026 coit
913 1973 1001 2025 omnis
1018 1973 1048 2025 in
1064 1990 1157 2043 unum,

367 2047 394 2101 N
396 2063 427 2101 ec
444 2052 539 2102 contra
556 2048 623 2102 viris
640 2049 726 2102 audet
743 2048 872 2102 Saturnia
891 2048 960 2101 Iuno

367 2122 510 2188 Sufficere;
528 2123 629 2176 aeriam
647 2124 722 2178 caelo
739 2140 803 2177 nam
822 2123 949 2192 luppiter
967 2123 1034 2177 lrim

367 2198 491 2270 Demisit
509 2216 655 2267 germanae
672 2200 746 2253 haud
763 2200 856 2253 mollia
872 2200 945 2253 iussa
962 2200 1103 2269 ferentem,

367 2274 404 2327 Ni
423 2274 530 2329 Turnus
548 2275 629 2329 cedat
647 2276 813 2330 Teucrorum
830 2275 972 2329 moenibus
991 2276 1061 2331 altis.
1178 2294 1217 2332 sos

367 2350 440 2419 Ergo
457 2367 507 2405 nec
524 2351 611 2421 clipeo
628 2352 733 2406 iuvenis
751 2352 901 2406 subsistere
917 2354 1026 2405 tantum

367 2426 394 2480 N
395 2443 426 2480 ec
443 2427 543 2482 dextra
559 2428 648 2494 valet3
665 2428 772 2482 iniectis
790 2427 829 2481 sic
846 2427 968 2495 undique
985 2428 1048 2482 telis

368 2501 508 2558 Obruitur.
544 2504 649 2572 Strepit
666 2504 781 2558 adsiduo
798 2520 865 2557 cava
881 2506 1006 2572 tempora
1023 2504 1124 2558 circum

368 2577 479 2632 Tinnitu
496 2579 580 2647 galea,
598 2583 628 2632 et
645 2580 717 2633 saxis
736 2580 822 2633 solida
840 2594 904 2632 aera
921 2579 1065 2645 fatiscunt3

367 2653 567 2722 Discussaeque
585 2654 664 2708 iubae
681 2656 778 2723 capiti;
796 2671 847 2708 nec
864 2654 963 2708 sufficit
980 2655 1063 2709 umbo
1178 2673 1218 2713 ero

368 2728 487 2794 Ictibus3
505 2730 672 2796 ingeminant
689 2730 776 2784 hastis
794 2734 824 2784 et
842 2731 925 2784 Troes
943 2731 1048 2799 etipse

368 2804 525 2858 Fulmineus
543 2804 711 2859 Mnestheus.
746 2806 815 2859 Tum
833 2809 892 2859 toto
910 2822 1023 2875 corpore
1039 2807 1123 2861 sudor

369 2879 495 2948 liquitur
512 2883 541 2934 et
558 2879 707 2948 piceum-
717 2897 767 2934 neo
785 2882 919 2949 respirare
937 2885 1092 2950 potestas-

368 2956 483 3009 Tlumen
500 2956 559 3025 agit
568 2976 575 3021 ;
592 2956 679 3011 fessos
697 2956 787 3026 quatit
804 2974 888 3025 aeger
905 2958 1042 3012 anhelitus
1058 2964 1142 3014 artus.

344 3070 347 3075 -
367 3032 435 3085 Tum
454 3031 564 3105 demum
582 3049 713 3101 praeceps
731 3032 804 3086 saltu
822 3049 881 3087 sese
899 3034 1025 3088 omnibus
1043 3036 1127 3090 armis
1179 3053 1218 3091 sus

367 3107 401 3161 Iu
419 3107 531 3160 fluvium
546 3108 631 3163 dedit.
667 3109 719 3161 llle
736 3125 784 3161 suo
802 3125 865 3162 cum
881 3110 991 3178 gurgite
1008 3110 1079 3166 flavo

367 3185 483 3253 Accepit
500 3186 655 3239 venientem
673 3203 704 3240 ac
721 3184 849 3239 mollibus
867 3186 966 3240 extulit
983 3186 1071 3252 undis,

366 3259 404 3315 Et
420 3260 523 3314 laetum
541 3261 621 3315 sociis
638 3261 734 3315 abluta
750 3260 836 3315 caede
852 3261 969 3318 remisit.
