3242 4159
377 534 424 580 180
609 525 639 572 P.
659 524 813 572 vnnalnl
830 524 998 573 MARONIS

378 608 543 677 Insequitur.
581 604 684 660 Causas
701 604 773 658 tanti
791 604 860 659 sciat
876 605 924 659 illa
940 605 1048 661 furoris

379 689 444 756 Ipse
462 682 529 736 mihi
548 699 635 751 nuper
654 681 761 749 Libycis
779 685 812 735 tu
830 682 911 735 testis
928 682 957 735 in
973 684 1056 737 undis

380 765 467 829 Quam
485 761 585 814 molem
603 757 695 811 subite
714 759 841 812 excierit:
860 759 947 812 maria
964 760 1055 814 omnia
1072 763 1152 818 eaelo
1201 778 1235 819 tau

380 840 499 907 Miscuit,
518 836 623 891 Aeoliis
641 835 807 904 nequiquam
826 836 899 888 freta
915 836 1050 904 procellis,

380 918 415 971 In
432 916 524 983 regnis
541 913 591 966 hoc
609 928 675 964 ausa
693 912 754 965 tuis.

381 992 435 1047 Per
453 991 539 1045 scelus
558 1006 626 1043 ecco.
638 989 722 1043 etiam
741 983 864 1043 Troianis
881 988 1017 1044 matribus
1034 990 1106 1045 actis
1203 1024 1208 1036 ·

381 1069 493 1123 Exussit
510 1067 590 1121 foede
610 1066 717 1137 puppis,
736 1070 764 1119 et
782 1066 868 1119 classe
886 1065 996 1134 subegit

382 1147 491 1200 Amissa
508 1145 594 1200 socios
613 1145 721 1212 ignotae
738 1144 864 1211 linquere
881 1145 981 1197 terrae.
1204 1157 1237 1196 aaa

382 1222 461 1287 Quod
479 1227 613 1294 superest,
633 1239 688 1289 oro,
708 1221 788 1274 liceat
807 1218 874 1273 dare
891 1221 954 1273 tuta
970 1236 1021 1287 per
1037 1219 1129 1275 undas

381 1298 453 1369 Vela
469 1300 528 1368 tihi,
547 1300 628 1353 liceat
648 1299 814 1352 Laurentem
833 1298 970 1365 attingere
988 1295 1128 1365 Thybrim,

382 1376 412 1431 si
429 1393 558 1432 concessa
574 1380 647 1445 peto,
668 1377 689 1429 si
709 1376 775 1428 dant
793 1392 827 1429 ea
843 1373 951 1426 moenia
971 1372 1082 1427 Pareae.

382 1453 452 1507 'I'um
470 1455 614 1508 Saturnius
632 1454 699 1507 haec
719 1451 838 1505 domitor
855 1450 939 1503 maris
956 1448 1045 1503 edidit
1062 1449 1127 1505 alti:

383 1528 436 1582 llas
454 1546 535 1583 omne
553 1533 603 1596 est,
623 1530 766 1598 Cytherea,
785 1528 855 1581 meis
872 1529 903 1580 te
920 1526 1006 1579 fidere
1023 1524 1125 1593 reguis,
1203 1539 1239 1578 ato

383 1604 465 1659 Unde
483 1623 570 1674 genus
587 1606 671 1658 ducis.
708 1605 798 1658 Merui
817 1620 940 1673 quoque;
961 1618 1042 1671 saepe
1058 1601 1169 1656 furores

383 1682 538 1750 Compressi
557 1685 586 1735 et
603 1682 706 1737 rabiem
726 1683 833 1733 tantam
852 1679 975 1748 caelique
993 1678 1140 1747 marisque.

383 1757 410 1810 N
412 1773 443 1811 ec
460 1759 549 1831 minor
565 1759 593 1811 in
611 1758 702 1824 terris,
722 1756 864 1809 Xanthum
884 1756 1078 1823 Simoentaque
1097 1755 1198 1820 testor,

384 1833 496 1888 Aeneae
514 1834 579 1888 mihi
598 1850 663 1888 cura
680 1834 730 1888 tui.
767 1833 837 1887 Cum
856 1831 935 1884 Troia
954 1830 1077 1884 Achilles

384 1909 547 1965 Exanimata
565 1928 681 1980 sequens
699 1911 855 1979 inpingeret
873 1907 981 1975 agmina
998 1906 1092 1974 muris,
1207 1918 1242 1957 aas

384 1984 461 2038 Milia
478 1987 565 2041 multa
583 1988 663 2040 daret
680 1986 745 2053 leto,
763 1988 961 2053 gemerentque
979 1981 1081 2052 repleti

385 2061 497 2129 Amnes,
515 2078 566 2116 nee
583 2062 705 2130 reperire
723 2062 795 2114 viam
813 2065 897 2130 atque
917 2060 1040 2113 evolvere
1056 2059 1155 2127 posset

385 2136 420 2191 In
438 2154 514 2191 mare
532 2154 561 2191 se
580 2138 714 2205 Xanthus,
734 2138 847 2191 Pelidae
865 2140 932 2191 tune
949 2152 1000 2205 ego
1018 2134 1084 2189 lorti

386 2214 568 2280 Congressum
588 2215 702 2267 Aenean
720 2230 770 2266 nee
788 2212 832 2265 dis
851 2230 900 2267 noc
918 2212 1021 2267 viribus
1038 2209 1135 2279 nequis

386 2289 467 2342 Nube
484 2306 549 2343 caua
567 2290 653 2359 rapui,
672 2306 800 2357 cuperem
819 2306 880 2342 cum
900 2292 1009 2342 vertere
1027 2286 1062 2340 ab
1080 2286 1137 2339 imo
1208 2299 1245 2337 alo

386 2366 498 2421 Structu
515 2366 583 2420 meis
601 2364 727 2419 manibus
744 2366 871 2433 periurae
889 2365 996 2417 moenia
1014 2362 1120 2416 lhoiae.

386 2442 413 2495 N
415 2459 466 2496 unc
479 2460 587 2512 quoque
599 2460 677 2497 mens
689 2442 785 2497 eadem
797 2444 906 2510 perstat
917 2440 998 2505 mihi;
1012 2437 1085 2508 pelle
1096 2437 1235 2491 timorem.

387 2520 481 2587 Tutus,
501 2537 570 2589 quos
588 2524 674 2589 optas,
692 2523 788 2588 portus
806 2517 920 2571 accedet
939 2514 1052 2571 Averni.

388 2594 467 2649 Unus
484 2597 538 2649 erit
555 2599 672 2663 tantum,
690 2596 820 2649 amissum
839 2610 921 2663 quem
938 2590 1050 2661 gurgite
1068 2604 1203 2659 quaeram

386 2671 480 2726 Unum
498 2688 548 2739 pro
566 2672 661 2724 multis
679 2670 792 2724 dabitur
809 2674 899 2739 caput
1210 2678 1247 2717 alt

388 2746 441 2799 His
458 2745 506 2798 ubi
525 2747 598 2799 laeta
615 2747 685 2800 deae
702 2747 848 2815 permulsit
863 2749 977 2815 pectora
994 2743 1084 2813 dictis,

389 2821 483 2889 Iungit
501 2838 585 2890 equos
603 2838 669 2874 auro
689 2823 811 2891 Genitor,
831 2822 1040 2891 spumantiaque
1057 2819 1138 2875 addit

389 2899 479 2952 Frena
496 2898 569 2962 feris,
587 2898 768 2967 manibusque
787 2900 875 2953 omnis
893 2898 1009 2953 effundit
1026 2896 1157 2951 habenas.

389 2976 520 3029 Caeruleo
538 2992 589 3045 per
608 2991 713 3028 sunrma
730 2975 797 3030 levis
815 2976 890 3029 volat
908 2989 1027 3043 aequora
1044 2988 1142 3037 curru;

389 3051 539 3106 subsidunt
556 3051 655 3119 undae,
673 3051 865 3119 tmnidumque
883 3050 934 3103 sub
952 3066 1005 3104 axe
1021 3047 1130 3103 tonanti
1212 3061 1250 3099 ato

389 3128 528 3200 Sternitur
546 3145 649 3198 aequor
668 3128 753 3197 aquis,
771 3128 881 3195 fugiunt
899 3130 977 3181 vasto
994 3124 1109 3179 aethera
1125 3122 1221 3177 nimbi

389 3203 458 3257 Tum
477 3206 568 3260 variae
586 3205 717 3259 comitum
735 3204 827 3272 iacies,
846 3204 965 3258 inmania
982 3204 1052 3270 cate,

390 3279 427 3334 nt
446 3282 535 3334 senior
553 3281 649 3336 Glauci
667 3281 772 3350 chorus,
791 3281 931 3351 Inousque
950 3279 1106 3347 Palaemon,

388 3354 571 3425 ¹Tritonesque
588 3358 644 3424 citi,
663 3356 817 3425 Phorcique
836 3357 975 3410 exercitus
993 3353 1098 3419 omnis;

382 3429 476 3485 Laeca
494 3435 572 3488 tenet
592 3434 694 3501 Thetis,
714 3436 743 3488 et
761 3432 871 3502 Melite,
885 3433 1072 3497 Panopeaque
1084 3428 1176 3492 uirgo,
1214 3439 1251 3477 aas

366 3506 487 3580 Nesaee,
507 3513 647 3587 Spioque,
667 3514 836 3585 Thaliaque,
853 3507 1113 3584 cynopennae-,⁸
1145 3567 1152 3581 Ι

366 3655 371 3690 Ι
388 3584 455 3643 Hie
467 3592 570 3661 patris
592 3594 724 3652 Aeneae
742 3602 922 3665 suspensam
933 3577 1049 3639 blanda
1063 3582 1196 3626 niuem

1282 943 1287 964 ι
