3242 4159
382 528 431 578 282
625 524 655 574 Pa
667 523 822 572 VERGILI
837 523 1006 572 MARONIS
1139 584 1146 598 ·

385 604 530 673 Fulgentis
547 603 636 673 clipei,
655 608 715 657 tum
733 603 840 657 laevum
858 603 984 671 perforat
997 602 1119 671 inguen3
1179 616 1181 621 ·

384 684 522 737 Exeussus
540 697 621 734 curru
640 679 820 733 moribundus
837 679 955 732 volvitur
973 679 1057 733 arvis.
1203 696 1235 736 sao

386 758 473 823 Quem
491 757 554 825 pius
572 759 683 810 Aeneas
702 756 783 809 dictis
801 755 912 809 adfatur
928 756 1043 809 amaris:

385 835 503 901 Lucage,
522 832 598 885 nulla
616 837 678 886 tuos
695 848 791 886 currus
809 832 875 899 fuga
892 831 984 898 segnis
1001 848 1140 899 equorum

385 909 520 977 Prodidit,
538 913 586 962 aut
603 925 688 962 vanae
706 914 817 961 vertere
834 924 869 960 ex
886 906 1013 959 hostibus
1030 908 1166 975 umbrae;

386 988 450 1055 Ipse
469 987 537 1039 rotis
555 986 655 1038 saliens
673 985 737 1051 iuga
755 984 869 1037 deseris.
905 983 984 1035 Haec
1001 981 1044 1036 ita
1062 983 1138 1038 fatus

364 1081 367 1086 ·
385 1063 512 1131 Arripuit
530 1061 652 1129 biiugos;
676 1062 762 1114 frater
780 1060 914 1114 tendebat
931 1059 1047 1113 inermis
1203 1076 1235 1115 sse

386 1138 486 1191 Infelix
504 1138 616 1211 palmas,
636 1154 718 1190 curru
737 1136 865 1205 delapsus
883 1135 993 1189 eodem:

386 1214 440 1267 Per
457 1218 494 1278 te,
513 1230 563 1282 per
580 1214 628 1282 qui
646 1217 675 1266 te
694 1213 778 1266 talem
796 1228 917 1280 genuere
934 1214 1076 1279 parentes,

386 1290 438 1343 Vir
456 1291 578 1358 Troiane,
597 1290 655 1343 sine
673 1289 743 1342 hanc
761 1289 886 1354 animam,
899 1291 929 1341 et
944 1288 1079 1341 miserere
1094 1290 1235 1358 preeuntis

387 1366 516 1420 Pluribus
534 1368 623 1420 oranti
641 1366 764 1419 Aeneas:
789 1364 874 1417 Hand
891 1364 958 1416 talia
976 1363 1086 1417 dudum
1165 1419 1168 1425 ,

387 1442 468 1497 Dicta
479 1442 571 1496 dabas.
606 1443 725 1508 Morere,
738 1445 767 1495 et
778 1440 893 1494 fratrem
904 1457 940 1493 ne
952 1439 1051 1493 desere
1064 1441 1162 1496 frater.
1202 1455 1237 1493 eoo

386 1518 463 1586 Tum,
481 1518 600 1572 latebras
618 1518 731 1584 animae,
750 1520 848 1585 pectus
864 1532 995 1569 mucrone
1013 1516 1143 1571 recludit

386 1594 463 1647 Talia
478 1611 529 1662 per
547 1610 655 1661 campos
674 1591 890 1645 edebatfunera
907 1592 1006 1645 ductor

387 1669 549 1736 Dardanius,
568 1669 699 1723 torrentis
717 1684 805 1736 aquae
823 1668 867 1721 vel
884 1667 1003 1722 turbinis
1021 1668 1076 1729 atri

387 1745 465 1799 More
475 1745 582 1820 >furens.
617 1745 740 1798 Tandem
758 1747 905 1813 erumpunt
923 1747 952 1798 et
969 1749 1062 1798 castra
1078 1745 1237 1815 relinquunt

388 1823 522 1875 Ascanius
539 1839 609 1891 puer
626 1826 655 1876 et
672 1821 840 1890 nequiquam
858 1820 970 1874 obsessa
986 1821 1125 1877 inventus.
1202 1838 1237 1876 roe

423 1898 554 1952 Iunonem
572 1900 678 1953 interea
695 1897 840 1966 compellat
859 1897 985 1966 Iuppiter
1002 1897 1093 1952 ultro:

387 1973 411 2025 Ο
429 1990 560 2041 germana
577 1974 643 2026 mihi
661 1977 746 2041 atque
764 1972 861 2050 eadem
878 1972 1035 2039 gratissima
1052 1973 1184 2043 coniunx,

386 2049 427 2102 Ut
415 2048 549 2116 trebure
568 2049 750 2102 Venus—nec
766 2052 795 2102 te
803 2040 951 2103 sententia
968 2048 1072 2102 fallit—

387 2124 515 2177 Troianas
534 2140 579 2176 sus
581 2127 672 2177 tentat
689 2141 763 2192 opes,
781 2142 836 2179 non
853 2124 944 2178 vivida
961 2124 1035 2178 bello

387 2200 494 2253 Dextra
511 2199 576 2252 viris
594 2200 755 2268 animusque
773 2202 851 2253 ferox
868 2200 1030 2269 patiensque
1047 2202 1153 2269 pericli.
1201 2217 1238 2257 ero

387 2277 438 2331 (lui
458 2276 527 2349 Iuno
545 2275 695 2330 submissa:
721 2276 800 2342 Quid,
819 2293 835 2328 o
852 2276 1034 2344 pulcherrime
1051 2278 1178 2347 coniunx,

387 2353 523 2408 Sollicitas
540 2369 649 2420 aegram
669 2355 697 2405 et
715 2355 764 2406 tua
780 2352 873 2405 tristia
891 2352 966 2406 dicta
982 2352 1146 2410 timentem?

387 2430 415 2483 Si
433 2430 508 2497 mihi,
528 2446 597 2498 quae
611 2428 749 2497 qnondam
763 2428 864 2494 fuerat,
880 2444 1018 2497 quamque
1035 2445 1099 2483 esse
1115 2429 1237 2495 decebat

387 2505 438 2560 Vis
455 2507 484 2560 in
502 2522 596 2560 amore
612 2505 695 2572 foret,
710 2520 765 2557 non
783 2504 834 2556 hoe
851 2504 917 2556 mihi
935 2520 1055 2572 namque
1071 2522 1197 2574 negarcn,

388 2581 574 2651 Omnipotens,
592 2581 659 2649 quin
677 2585 707 2634 et
723 2595 832 2649 pugnae
851 2578 1004 2633 subducere
1022 2580 1155 2650 Turnum,
1202 2597 1238 2635 ns

387 2658 424 2711 Et
442 2658 539 2711 Dauno
556 2673 664 2726 possem
682 2656 844 2710 incolumen
862 2672 973 2709 servare
988 2655 1105 2725 parenti.

386 2733 468 2800 Nunc
484 2731 588 2801 pereat,
609 2731 776 2799 Teucrisque
792 2730 838 2800 pio
857 2730 905 2784 det
923 2732 1054 2800 sanguine
1070 2746 1188 2800 poenas.

387 2809 439 2862 Ille
457 2812 550 2861 tamen
567 2810 663 2859 nostra
680 2806 793 2859 deduoit
811 2807 918 2875 origine
935 2824 1041 2873 nomen,

388 2885 583 2951 Pilumnusque
601 2882 641 2934 illi
660 2886 776 2950 quartus
793 2886 887 2951 pater;
911 2887 940 2937 et
957 2887 1006 2937 tua
1022 2884 1100 2953 larga

386 2962 474 3031 Saepe
491 2978 574 3013 mann
592 2958 740 3026 multisque
760 2959 882 3011 oneravit
900 2959 994 3012 limina
1011 2959 1096 3013 donis-
1204 2976 1241 3014 ma

387 3038 437 3091 Oui
456 3055 505 3091 rex
524 3035 638 3090 aetherii
656 3034 778 3088 breviter
796 3034 834 3088 sic
852 3034 926 3089 fatus
945 3034 1068 3104 Olympi:

387 3114 416 3167 Si
434 3131 510 3166 mora
527 3112 679 3182 praesentis
696 3111 745 3165 loti
762 3115 926 3179 tempusque
944 3111 1048 3165 caduco

386 3188 489 3242 Oratur
504 3190 604 3255 iuveni,
623 3204 722 3262 meque
740 3187 791 3241 hoe
807 3187 848 3240 ita
865 3204 967 3255 ponere
986 3186 1080 3253 sentis,

387 3262 461 3317 Tolle
479 3267 544 3333 iuga
562 3266 683 3317 Turnum
701 3268 784 3333 atque
802 3263 969 3318 instantibus
985 3264 1061 3333 eripe
1078 3262 1153 3318 fatis

387 3337 529 3394 Hactenus
547 3340 692 3393 indulsisse
710 3342 795 3394 vacat.
833 3339 880 3392 sin
899 3339 946 3393 alt‘
927 3343 980 3393 tior
998 3339 1061 3391 istis
1206 3353 1244 3391 eas

375 3414 436 3471 Sub
450 3416 584 3490 precibus
604 3417 686 3473 venia
702 3416 760 3471 nlla
774 3416 858 3482 latet,
872 3418 1019 3503 totumque
1031 3414 1139 3465 moueri

360 3492 512 3554 Mutarive
531 3501 623 3570 putas
642 3497 763 3566 bellurn,
783 3508 852 3561 spes
866 3491 962 3559 pascis
974 3488 1074 3538 innxiis

353 3570 386 3628 la
406 3574 488 3635 Iuno
509 3575 735 3645 adlacrinans;
756 3539 1001 3638 (1111111111
1016 3571 1088 3609 uoce
1104 3552 1249 3625 grauams,

1169 3461 1199 3495 Χ
