3242 4159
643 522 827 575 anamma
842 523 912 576 una
929 514 981 576 VI.
1186 523 1236 579 tos

381 610 473 664 Laeta
489 606 573 660 deum
587 607 677 673 partu,
695 608 804 659 centum
822 604 954 673 conplexa
969 605 1092 674 nepotes,

381 684 482 737 Omnis
497 682 645 747 caelicolas,
664 682 751 734 omnis
768 697 868 749 supera
884 680 941 735 alta
957 680 1085 735 tenentis

381 760 449 814 Huc
465 758 592 827 geminas
605 774 676 810 nunc
693 756 773 811 flecte
790 757 869 824 acies,
887 756 957 811 hanc
973 756 1065 824 aspice
1080 759 1192 823 gentem

382 836 578 902 Romanosque
594 836 664 887 tuos.
701 833 756 886 Hic
774 831 922 887 (lassaret
939 832 1026 886 omnis
1044 831 1099 885 luli

382 910 541 978 Progenies,
557 924 685 976 magnum
702 908 770 962 caeli
787 912 904 962 ventura
920 909 971 962 sub
989 924 1076 962 axem.
1199 920 1236 962 teo

383 986 441 1041 Hic
458 986 507 1052 vir,
524 984 569 1038 hic
586 987 637 1052 est,
655 984 707 1037 tibi
724 1000 806 1052 quem
823 984 948 1053 promitti
965 983 1073 1052 saepius
1089 982 1176 1050 audis,

383 1064 531 1129 Augustus
550 1061 658 1128 Caesar,
676 1059 739 1114 Divi
755 1076 849 1128 genus,
866 1077 950 1114 aurea
966 1060 1065 1113 condet

383 1137 500 1192 Saecula
516 1136 564 1206 qui
581 1153 676 1190 trusus
694 1136 774 1190 Latio
791 1140 905 1203 regnata
922 1152 1054 1205 perarua

384 1213 504 1268 Saturno
522 1212 668 1282 quondam,
686 1215 816 1279 superet
834 1212 1013 1266 Garamantas
1030 1215 1060 1264 et
1078 1208 1163 1264 Indos

384 1288 514 1343 Proferct
530 1289 679 1356 inparium;
696 1288 767 1342 iacet
786 1291 866 1342 extra
884 1287 975 1350 sidera
991 1287 1080 1355 tellus,
1200 1300 1237 1341 rso

385 1365 474 1419 Extra
490 1365 554 1417 anni
572 1364 692 1432 solisque
709 1364 773 1431 vias,
790 1364 839 1417 ubi
856 1364 966 1418 caelifer
984 1363 1065 1417 Atlas
1169 1426 1173 1433 ¹

385 1442 478 1496 Axem
495 1440 609 1494 humero
626 1442 740 1508 torquet
756 1439 844 1494 stellis
860 1439 1021 1493 ardentibus
1038 1442 1140 1507 aptum.

384 1517 478 1571 Huius
495 1516 523 1569 in
540 1515 690 1582 adventum
706 1516 761 1570 iam
778 1532 852 1569 nunc
869 1519 898 1569 et
916 1515 1014 1584 Caspia
1031 1531 1116 1582 regna

385 1592 536 1661 Responsis
552 1592 666 1646 horrent
683 1592 774 1645 divom
792 1595 822 1646 et
840 1592 961 1645 Maeotia
977 1591 1065 1655 tellus,

386 1669 425 1724 lit
442 1668 649 1736 septemgemini
666 1667 781 1721 turbant
798 1667 909 1736 trepida
926 1668 996 1720 ostia
1013 1666 1078 1720 Nili.
1200 1678 1238 1718 sao

386 1742 446 1798 Nec
464 1760 529 1797 vero
548 1743 660 1797 Alcides
678 1746 785 1796 tantum
803 1741 911 1797 telluris
928 1742 1019 1808 obivit,

387 1819 496 1874 Fixerit
513 1819 669 1887 aeripedem
687 1835 794 1872 cervam
811 1817 884 1884 licet,
902 1821 950 1871 aut
968 1817 1128 1885 Erymanthi

387 1895 496 1950 Paearit
513 1910 632 1960 nemora,
650 1897 680 1948 et
698 1894 816 1948 Lernam
833 1893 1019 1947 tremefecerit
1036 1910 1115 1959 area;

386 1970 453 2037 Nec,
472 1971 519 2039 qui
537 1971 687 2039 pampineis
704 1971 792 2025 victor
808 1970 873 2039 iuga
890 1969 978 2024 flectit
995 1969 1117 2037 habenis,

386 2047 479 2114 Liber,
497 2063 581 2115 agens
599 2047 671 2101 celso
689 2047 779 2115 Nysae
797 2046 834 2100 de
851 2044 954 2100 vertice
972 2045 1058 2113 tigris.
1122 2087 1126 2095 .
1202 2058 1239 2097 eoo

386 2124 425 2177 Et
443 2122 601 2177 dubitamus
618 2123 707 2177 adhuc
725 2123 855 2177 virtutem
872 2121 1023 2176 extendere
1041 2120 1129 2187 factis,

387 2202 449 2254 Aut
467 2204 556 2252 metus
575 2199 697 2252 Alisonia
714 2198 842 2265 prohibet
859 2199 1008 2251 consistere
1025 2198 1117 2251 terrai

388 2275 456 2341 Quis
473 2274 567 2343 procul
584 2274 630 2327 ille
648 2278 739 2328 autom
757 2274 841 2327 ramis
858 2273 971 2340 insignis
988 2272 1075 2325 olivae

387 2351 472 2406 Sacra
488 2351 596 2405 forensi
615 2351 641 2404 N
643 2367 705 2404 osec
723 2350 805 2403 crinis
822 2349 973 2417 incanaque
990 2350 1085 2402 menta

387 2427 474 2495 Regis
493 2426 616 2491 Romani,
633 2427 749 2495 primam
767 2426 815 2495 qui
831 2424 937 2492 legibus
955 2423 1052 2477 urbem
1203 2436 1241 2475 em

387 2502 536 2569 Fundabit,
555 2502 672 2558 Curibus
689 2502 780 2570 parvis
797 2505 827 2555 et
844 2516 965 2570 paupere
983 2503 1058 2554 terra

387 2579 489 2633 Missus
507 2580 535 2632 iu
552 2578 685 2647 inperium
703 2594 838 2644 magnum.
874 2576 924 2630 Oui
942 2574 1042 2629 deiude
1060 2572 1171 2641 subibit,

387 2655 455 2709 Otia
471 2656 519 2725 qui
537 2658 646 2723 rumpet
664 2655 767 2721 patriae
784 2653 944 2721 residesque
961 2650 1082 2705 movebit

387 2732 484 2787 Tullus
500 2731 528 2785 iu
547 2748 622 2785 arma
638 2731 709 2784 viros
726 2733 755 2785 et
773 2730 827 2783 iam
845 2729 959 2784 desueta
976 2727 1121 2796 triumphis

388 2808 516 2875 Agmina
554 2807 640 2872 Quem
659 2807 736 2860 iuxta
753 2806 879 2874 sequitur
896 2805 1040 2860 iactantior
1059 2806 1161 2869 Ancus,
1204 2816 1241 2856 sis

387 2884 468 2938 Nunc
486 2900 595 2951 quoque
612 2884 666 2936 iam
685 2882 797 2936 nimium
818 2882 941 2950 gaudens
961 2880 1137 2950 popularibus
1158 2878 1239 2930 auris.

387 2960 439 3012 Vis
457 2962 488 3012 et
505 2958 666 3027 Tarquinios
683 2975 770 3025 reges,
789 2959 962 3026 animamque
981 2957 1126 3025 superbam

386 3035 496 3089 Ultoris
514 3034 603 3102 Bruti,
620 3034 762 3102 fascesque
780 3033 874 3086 vidcre
891 3034 1033 3101 receptosl

387 3110 515 3166 Consulis
533 3110 667 3178 inperium
685 3109 730 3162 hic
746 3108 850 3177 primus
868 3121 1016 3177 sacrasque
1033 3121 1142 3160 secures

387 3186 524 3254 Accipiet,
541 3189 674 3253 natosque
691 3186 771 3254 pater
788 3200 857 3236 nova
875 3183 946 3237 bella
963 3182 1096 3236 moventis
1205 3192 1242 3231 saa

387 3262 436 3317 Ad
455 3278 571 3330 poenam
589 3261 701 3329 pulchra
718 3276 767 3328 pro
784 3258 914 3313 libertate
931 3258 1045 3324 vocabit,
1099 3318 1101 3324 Ι

388 3337 505 3393 Infelix!
525 3333 683 3405 Utcumque
699 3336 789 3388 ferent
806 3350 840 3389 ea
857 3335 930 3389 facta
947 3334 1072 3400 minores,

387 3413 491 3467 Vincet
507 3430 585 3465 amor
598 3412 706 3480 patriae
722 3410 894 3482 laudumque
910 3410 1042 3467 inmensa
1057 3407 1170 3476 cupido.

380 3489 451 3548 Qm'n
468 3487 570 3539 Decios
587 3488 754 3559 Drusosque
772 3490 872 3559 procul
892 3503 1073 3559 saevumque
1089 3480 1192 3540 secuit

363 3558 470 3622 Aquino
489 3560 666 3629 Torquatum
684 3568 717 3622 et
736 3567 924 3628 referentem
940 3570 1032 3640 siqua
1049 3557 1227 3620 camillum·
1258 3561 1272 3597 ³
