3242 4159
627 523 808 573 AENEIDOS
825 524 896 575 LIB.
914 526 965 577 XI.
1186 532 1232 579 291

416 603 462 659 Sic
480 602 520 657 ait
538 603 710 657 inlacrimans
728 605 881 673 recipitque
899 607 936 659 ad
953 607 1047 664 limina
1063 627 1195 679 gressum,

377 680 485 748 Corpus
503 679 551 733 ubi
570 680 687 733 exanimi
706 682 826 749 positum
845 682 977 737 Pallantis
996 687 1116 740 Acoetes
1208 700 1233 738 ao

376 756 514 811 Servabat
533 757 629 823 senior,
649 758 695 824 qui
715 757 861 810 Parrhasio
881 758 1008 814 Euandro

376 832 511 899 Armiger
528 835 593 885 ante
611 833 672 899 fuit,
692 833 811 885 sednon
831 834 955 888 felicibus
973 853 1061 905 aeque

375 910 448 962 Tum
466 925 556 961 comes
574 910 701 977 auspiciis
719 926 781 963 earo
801 910 882 963 datus
899 912 958 965 ibat
978 913 1093 967 alumno.

376 986 488 1039 Circum
507 986 594 1038 omnis
612 986 798 1054 famulumque
817 1003 912 1040 manus
930 988 1100 1057 Troianaque
1116 989 1200 1043 turba

374 1062 415 1115 Iit
432 1066 567 1115 maestum
587 1062 688 1115 Iliades
706 1063 809 1115 crinem
828 1062 863 1115 de
881 1065 1087 1120 moresolutae.
1207 1080 1232 1119 35

375 1138 418 1192 Ut
436 1155 500 1191 vero
520 1141 629 1192 Aeneas
646 1138 750 1191 foribus
768 1155 829 1191 sese
847 1138 942 1193 intulit
959 1140 1030 1208 altis,

376 1214 524 1281 Ingentem
542 1215 676 1281 gemitum
694 1215 782 1267 tunsis
800 1215 837 1268 ad
854 1215 947 1268 sidera
963 1216 1064 1271 tollunt

376 1290 546 1354 Pectoribus,
565 1294 723 1359 maestoque
741 1290 862 1358 inmugit
881 1292 957 1359 regia
975 1292 1057 1347 luctu.

376 1366 451 1433 Ipse,
468 1370 551 1434 caput
569 1366 641 1419 nivei
659 1367 757 1419 fultum
777 1367 910 1421 Pallantis
928 1370 958 1420 et
975 1383 1024 1420 ora

375 1442 418 1494 Ut
436 1442 506 1495 vidit
523 1442 632 1510 levique
649 1446 746 1510 patens
765 1442 793 1494 in
811 1446 922 1510 pectore
940 1443 1036 1496 volnus
1085 1457 1090 1466 ·
1206 1457 1232 1495 so

376 1518 505 1585 (iaspidis
524 1519 669 1585 Ausoniae,
687 1518 805 1571 lacrimis
823 1519 862 1571 ita
879 1518 954 1572 fatur
971 1518 1089 1572 obortIs:

375 1594 458 1659 Tene,
471 1594 574 1661 inquit,
593 1594 746 1647 miserande
763 1610 840 1662 puer,
858 1610 920 1647 eum
938 1594 1012 1649 laeta
1029 1593 1143 1659 veniret,

376 1669 484 1723 Invidit
502 1670 625 1723 Fortuna
642 1669 716 1734 mihi,
733 1686 769 1723 ne
785 1687 872 1737 regna
889 1671 997 1725 videres

375 1744 487 1812 Nostra,
506 1762 595 1813 neque
613 1746 649 1798 ad
666 1745 747 1799 sedes
767 1746 855 1799 victor
873 1747 1003 1800 veherere
1021 1746 1166 1815 paternas?

375 1822 404 1875 N
406 1837 441 1874 on
459 1822 526 1875 haee
545 1821 673 1875 Euandro
692 1821 727 1874 de
746 1824 774 1874 te
792 1822 926 1889 promissa
943 1820 1053 1890 parenti
1209 1838 1233 1877 45

375 1896 529 1950 Discedens
548 1896 686 1965 dederam,
705 1914 767 1950 cum
785 1913 829 1949 me
847 1897 995 1965 conplexus
1014 1898 1124 1949 euntem

375 1972 505 2026 Mitteret
523 1973 551 2026 in
569 1989 697 2040 magnum
715 1972 860 2040 inperium,
879 1976 1059 2041 metuensque
1076 1975 1201 2026 moneret
1259 2016 1263 2024 .

376 2047 460 2101 Aeris
478 2064 537 2101 esse
554 2048 633 2113 viroS,
652 2064 714 2101 eum
732 2048 803 2101 dura
820 2048 923 2117 proelia
940 2052 1031 2117 gente.
1128 2089 1132 2122 .-

376 2123 415 2177 Et
433 2140 504 2177 nuno
520 2124 567 2177 ille
584 2123 695 2192 quidem
714 2140 762 2191 spe
780 2124 897 2178 multum
915 2128 1012 2193 captus
1029 2124 1102 2177 inani

376 2200 447 2252 Fors
466 2203 494 2254 et
512 2203 575 2253 vota
592 2200 666 2267 facit,
684 2201 859 2268 cumulatque
877 2202 975 2254 altaria
993 2200 1087 2265 donis;
1206 2214 1230 2253 so

375 2276 437 2328 Nos
454 2275 578 2329 iuvenem
597 2269 751 2329 exanimum
769 2280 798 2329 et
816 2276 853 2328 nil
871 2277 925 2329 iam
943 2274 1107 2346 caelestibus
1124 2276 1187 2329 ullis

376 2349 534 2404 Debentem
553 2368 622 2404 vano
640 2351 737 2403 maesti
756 2352 918 2404 comitamur
935 2351 1044 2404 honore.

378 2426 486 2492 Infelix,
504 2427 562 2479 nati
579 2427 661 2479 funus
679 2426 790 2479 crudele
809 2426 929 2479 videbis!
1031 2446 1034 2454 >

377 2503 418 2556 Hi
436 2502 522 2555 nostri
537 2502 651 2568 reditus,
671 2503 882 2569 exspectatique
896 2502 1044 2570 triumphil

377 2578 457 2631 Haec
468 2594 529 2631 mea
540 2594 639 2645 magna
651 2578 720 2630 fides
727 2580 736 2631 'i
750 2579 790 2630 At
802 2594 863 2643 non,
877 2578 1013 2645 Euandre,
1025 2577 1163 2645 pudendis
1205 2594 1230 2632 ss

376 2653 544 2707 Volneribus
561 2653 669 2722 pulsum
688 2653 820 2722 aspicies3
838 2670 887 2707 nec
905 2654 1007 2721 sospite
1025 2653 1117 2712 dirum

376 2729 495 2798 Optabis
513 2733 577 2783 nato
594 2731 676 2782 funus
694 2733 781 2798 pater.
819 2730 874 2783 Hei
891 2730 967 2796 mihi,
986 2732 1118 2798 quantum

376 2805 551 2859 Praesidium
573 2805 692 2858 Ausonia
711 2809 739 2858 et
757 2809 891 2873 quantum
910 2810 941 2859 tu
958 2806 1061 2875 perdis,
1079 2806 1155 2861 Iule!

414 2881 491 2934 Haec
508 2880 555 2933 ubi
574 2880 693 2946 deflevit,
712 2881 772 2934 tolli
790 2882 946 2935 miserabile
964 2898 1061 2947 eorpus

377 2958 500 3025 Inperat,
519 2961 547 3010 et
564 2960 624 3010 toto
642 2956 727 3010 lectos
745 2974 779 3010 ex
798 2958 906 3023 agmine
924 2957 1012 3010 mittit
1204 2963 1229 3003 σο

374 3032 455 3087 Mille
472 3032 551 3099 viros,
569 3032 617 3100 qui
635 3049 791 3100 supremum
810 3032 975 3085 comitentur
992 3032 1130 3097 honorem,

375 3108 568 3176 Intersintque
586 3109 672 3176 patris
690 3107 816 3172 lacrimis
835 3107 931 3161 solatia
948 3107 1037 3161 luctus

375 3184 483 3251 Exigua
500 3183 625 3251 ingentis,
644 3184 743 3236 misero
762 3183 811 3237 sed
830 3183 924 3237 debita
941 3182 1020 3251 patri.
1045 3209 1053 3222 ι

374 3259 464 3315 Haud
482 3275 579 3327 segnes
596 3259 642 3311 alii
661 3258 742 3312 cratis
762 3262 790 3313 et
807 3259 889 3313 molle
907 3258 1040 3311 feretrum

374 3334 512 3391 Arbuteis
530 3337 629 3389 texunt
647 3335 730 3402 virgis
749 3338 778 3388 et
795 3335 896 3388 vimine
916 3350 1028 3402 querno,
1274 3357 1277 3396 ι

373 3412 598 3478 Exstructosque
617 3413 691 3464 toros
710 3410 828 3465 obtentu
844 3410 953 3465 frondis
967 3408 1144 3463 Inumbrant.

365 3487 427 3539 Hic
440 3486 568 3539 iuvenem
587 3488 696 3557 agresti
715 3488 870 3545 sublimem
887 3488 1029 3545 stramine
1042 3483 1177 3555 psum·-

355 3558 474 3679 0112213111
493 3562 625 3631 virgineo
642 3565 817 3625 demessum
835 3569 948 3641 polliae
962 3566 1076 3623 boram
