3242 4159
658 515 841 575 nnnmnos
857 523 930 577 mn
946 522 998 573 vr.
1093 502 1095 504 ’
1208 513 1256 576 2'01

377 607 442 676 ,Ac
458 603 536 660 volnt
553 603 583 658 in
600 605 689 674 pratis
705 605 754 659 ubi
772 621 838 675 apes
855 608 963 661 aestate
980 620 1079 661 serena

375 690 378 694 ’
400 681 528 736 Floribus
545 680 668 736 insidunt
685 682 774 748 variis,
792 685 822 735 et
838 680 956 734 candida
973 682 1074 735 circum

345 810 346 815 ,
399 758 471 811 Lilia
487 757 654 824 funduntur;
673 757 773 826 strepit
790 757 878 810 omnis
895 772 1035 810 murmure
1052 772 1174 826 campus.

399 833 545 892 Horrescit
563 833 623 886 visu
641 832 739 900 subito,
757 848 922 899 caussasque
938 831 1054 901 requirit
1219 846 1256 889 nc

399 909 507 964 Inscius
525 912 643 976 Aeneas,
662 903 807 976 quae'sint
824 924 858 961 ea
874 907 986 962 flumina
1002 924 1092 977 porro,

399 987 488 1051 Quive
504 984 557 1039 viri
574 988 653 1038 tanto
672 983 824 1053 conplerint
841 983 950 1051 agmine
968 984 1049 1053 ripas.

398 1060 469 1115 'l'um
485 1065 567 1130 pater
585 1060 735 1114 Anchises:
754 1060 879 1126 Animae,
898 1060 997 1127 quibus
1014 1061 1103 1113 altera
1119 1059 1176 1113 fate

397 1136 521 1206 Corpora
537 1136 682 1202 debentur,
701 1135 816 1189 Lethaei
833 1136 871 1188 ad
887 1135 1007 1190 fluminis
1024 1136 1126 1190 undam

396 1212 514 1267 Securos
530 1212 627 1266 latices
645 1215 674 1265 et
690 1211 771 1279 longa
789 1211 890 1266 oblivia
906 1216 1010 1279 putant.
1218 1224 1254 1266 715

398 1289 459 1341 Has
476 1288 605 1357 equidem
623 1304 775 1341 memorare
793 1287 845 1340 tibi
862 1290 947 1355 atque
965 1288 1110 1341 ostendere
1127 1304 1226 1354 coram,

397 1363 566 1432 Iampridem
582 1364 651 1416 hanc
668 1363 773 1431 prolem
790 1363 868 1431 cupio
887 1379 1046 1417 enumerare
1063 1379 1194 1429 meorum,
1252 1359 1254 1361 ’

395 1440 458 1505 Quo
475 1440 562 1506 magis
581 1438 664 1492 Italia
681 1455 787 1493 mecum
805 1439 909 1492 laetere
926 1442 1043 1506 reperta

394 1514 420 1568 Ο
433 1519 520 1585 pater,
532 1531 601 1569 enne
613 1515 718 1583 aliquas
730 1515 767 1568 ad
783 1515 889 1569 caelum
906 1514 968 1567 hine
984 1514 1025 1567 ire
1039 1514 1193 1583 putandum
1209 1516 1253 1569 est

393 1591 524 1645 Sublimis
542 1591 652 1657 animes,
671 1591 825 1658 iterumque
842 1590 879 1643 ed
896 1590 978 1644 tarda
994 1590 1096 1644 reverti
1216 1602 1253 1646 sac

395 1666 535 1735 Corpora?
548 1680 625 1734 ‘quae
643 1667 711 1720 lucis
728 1667 836 1720 miseris
854 1670 911 1719 tam
930 1666 990 1719 dira
1007 1666 1123 1733 cupidol

395 1742 493 1796 Dicam
511 1742 645 1810 equidem,
664 1758 715 1796 nec
732 1747 761 1797 te
780 1758 948 1810 suspensum,
965 1745 1038 1809 nato,
1057 1741 1174 1807 teneb03

393 1818 514 1887 Suscipit
533 1818 673 1885 Anchises,
691 1821 776 1886 atque
794 1819 890 1872 ordine
908 1818 1015 1885 singula
1032 1817 1136 1885 pandit

431 1894 568 1963 Principio
585 1891 689 1947 eaelum
707 1911 739 1948 ac
756 1898 846 1948 terras
863 1909 1026 1961 camposque
1044 1892 1175 1962 liquentis

394 1970 600 2039 [lucentemque
615 1969 728 2038 globum
747 1970 841 2023 Lunae
858 1970 1018 2037 Titaniaque
1035 1973 1112 2023 astra
1214 1983 1252 2027 726

392 2047 514 2115 Spiritus
531 2046 605 2100 intus
622 2046 679 2114 alit,
698 2049 840 2115 totamque
857 2044 947 2097 infusa
963 2061 1013 2113 per
1030 2048 1108 2118 artus

394 2122 477 2176 Mens
495 2123 583 2191 agitat
600 2123 699 2175 molem
718 2125 748 2175 et
765 2138 863 2190 magno
881 2138 912 2175 se
928 2137 1042 2189 corpore
1059 2121 1162 2175 miscet

395 2198 468 2252 Inde
483 2198 623 2252 hominum
640 2194 830 2267 pecudumque
847 2214 934 2266 genus
951 2197 1080 2265 vitaeque
1096 2196 1238 2252 volantum

395 2274 433 2328 Et
451 2281 522 2343 qua'e
539 2290 691 2328 marmoreo
708 2274 765 2328 lert
782 2278 905 2327 monstra
921 2274 972 2327 sub
989 2286 1108 2340 aequore
1124 2277 1232 2341 pontus.

395 2350 499 2418 Igneus
516 2356 560 2404 est
577 2350 637 2404 ollis
655 2352 731 2419 vigor
748 2353 777 2404 et
794 2350 921 2403 caelestis
938 2350 1014 2417 origo
1213 2363 1250 2405 730

393 2425 556 2495 Seminibus,
574 2430 706 2494 quantrnn
723 2443 778 2480 nou
794 2426 876 2479 noxia
891 2441 1005 2492 corpora
1022 2425 1134 2478 tardant

393 2502 564 2571 Terrenique
579 2502 712 2557 hebetant
728 2505 806 2555 artus
823 2499 1039 2569 moribundaque
1056 2500 1185 2554 membra.

395 2577 470 2631 Hinc
492 2581 619 2631 metuunt
641 2578 816 2646 cupiuntque,
840 2576 935 2629 dolent
956 2576 1141 2645 gaudentque,
1158 2592 1250 2645 neque

464 2670 544 2707 auras

395 2728 556 2797 Respieiunt
574 2729 681 2783 clausae
698 2728 821 2783 tenebris
839 2733 868 2783 et
885 2746 994 2784 carcere
1011 2746 1097 2785 casco.

392 2805 467 2868 Quin
484 2808 514 2859 et
531 2822 658 2873 supremo
676 2822 738 2859 cum
755 2805 857 2859 lumine
874 2806 932 2871 vita
948 2806 1068 2875 reliquit,
1211 2819 1249 2861 7³⁵

393 2881 421 2934 N
423 2898 458 2934 en
476 2884 569 2935 tamen
588 2898 667 2935 omne
685 2880 786 2934 malum
803 2881 910 2935 miseris
927 2898 978 2935 nec
994 2882 1119 2936 funditus
1136 2898 1231 2936 omues

394 2957 550 3026 Corporeae
568 2957 705 3011 excedunt
721 2961 821 3025 pestes,
838 2957 1001 3025 penitusque
1018 2974 1128 3012 necesse
1145 2962 1189 3011 ost

393 3032 486 3088 Multa
502 3033 551 3087 diu
567 3036 694 3088 concreta
711 3033 800 3087 modis
818 3033 966 3086 inolescere
982 3033 1067 3089 miris.

393 3107 468 3178 Ergo
486 3113 650 3163 exercentur
666 3108 769 3177 poenis,
786 3111 964 3177 vetemmque
981 3109 1115 3162 malorum

392 3184 534 3254 Supplicia
550 3184 722 3254 expendunt:
740 3184 810 3237 aliae
827 3184 986 3251 panduntur
1002 3183 1090 3255 inanis
1210 3196 1247 3238 74⁰

393 3260 548 3330 Suspensae
566 3261 603 3314 ad
620 3264 732 3325 ventos;
749 3259 810 3313 aliis
828 3258 878 3312 snb
895 3259 1004 3327 gurgite
1021 3260 1099 3312 vasto

393 3336 534 3391 Insectum
552 3337 653 3391 eluitur
671 3335 765 3403 scelus,
782 3338 832 3390 aut
849 3334 973 3388 exuritur
990 3334 1061 3403 igni;

393 3413 517 3478 Quisque
532 3428 596 3465 suos
609 3412 734 3481 patimur
751 3411 858 3480 Manis3
875 3410 978 3467 exinde
992 3427 1045 3483 per
1061 3408 1191 3478 amplum

380 3485 526 3537 morimur
540 3487 675 3557 Elysium,
695 3494 727 3545 et
745 3492 831 3561 pauci
847 3491 929 3548 laeta
947 3507 1019 3547 arus
1033 3492 1193 3547 tenemus3

364 3552 466 3607 Donec
478 3558 568 3627 1⁰1¹s'2
586 3561 657 3633 dies,
671 3566 814 3636 perfecto
829 3570 982 3645 temporis
997 3566 1086 3639 orbe,

1258 3562 1276 3599 *l
