3242 4159
386 535 417 586 86
620 527 651 577 P.
669 526 823 575 VERGILI
840 526 1006 577 MARONIS

387 612 500 679 Seditio,
519 609 661 677 saevitque
674 608 776 661 animis
794 606 914 675 ignobile
932 609 1037 679 volgus,

388 691 503 756 Iamque
515 688 588 739 faces
600 690 629 738 et
640 703 705 737 saxa
717 685 808 738 volant
821 685 909 752 (furor
920 702 997 739 arma
1007 687 1179 762 ministratu
1215 707 1251 751 m

387 767 463 831 Tum,
475 764 582 833 pietate
593 778 704 829 gravem
716 778 748 814 ae
759 762 867 815 meritis
880 761 903 814 si
914 762 986 816 forto
998 763 1087 817 virum
1100 783 1188 835 quem

388 842 568 908 Conspexere,
588 838 675 904 silent,
695 838 864 906 arrectisque
883 837 996 892 auribus
1013 839 1145 910 adstant3

388 918 439 971 Illo
458 916 529 983 regit
549 914 629 967 dietis
648 914 759 979 animos,
779 917 808 967 et
826 917 938 982 pectora
956 915 1073 973 mulcet:

387 994 432 1047 Sic
450 995 563 1045 cunctus
581 990 670 1058 pelagi
689 989 789 1042 cecidit
806 990 907 1059 fragor,
925 1008 1046 1060 aequora
1063 998 1215 1064 postquam

388 1068 558 1137 Prospiciens
575 1068 684 1135 genitor
702 1066 834 1135 caeloque
852 1067 976 1121 invectus
994 1073 1091 1137 aperto
1212 1088 1249 1128 ras

387 1144 488 1199 Flectit
507 1161 592 1212 equos
610 1159 746 1212 curruque
763 1144 857 1197 volans
875 1142 925 1196 dat
942 1143 1000 1197 lora
1018 1145 1149 1201 secundo.

422 1221 529 1275 Defessi
549 1220 704 1287 Aeneadae,
724 1237 793 1290 quae
811 1235 945 1287 proxuma
963 1219 1050 1286 litora,
1067 1238 1152 1276 cursu

388 1298 566 1353 Contendunt
583 1300 685 1365 petere,
703 1301 733 1351 et
750 1296 852 1364 Libyae
870 1299 1018 1349 vertuntur
1035 1296 1072 1349 ad
1088 1313 1160 1352 oras.

388 1374 439 1429 Ilst
456 1375 484 1428 in
502 1391 610 1428 secessu
628 1373 708 1439 longo
726 1373 815 1425 loeus:
836 1371 925 1424 insula
942 1375 1053 1440 portum

388 1451 478 1504 Jlfficit
495 1451 604 1503 obiectu
622 1450 746 1515 laterum,
767 1448 866 1516 quibus
883 1448 970 1501 omnis
988 1446 1023 1501 ab
1040 1448 1098 1502 alto
1208 1467 1246 1505 ree

388 1527 537 1594 Frangitur
554 1526 637 1593 inquo
655 1525 730 1577 sinus
749 1524 849 1577 scindit
868 1540 928 1578 sese
944 1523 1020 1577 unda
1036 1524 1184 1591 mduetos3

389 1603 461 1657 llinc
478 1606 562 1670 atque
579 1601 642 1654 hinc
660 1604 753 1653 vastae
771 1616 854 1669 rupes
871 1600 1027 1669 geminique
1045 1600 1187 1655 minantur

388 1678 423 1731 ln
440 1678 545 1732 caelum
563 1677 672 1745 scopuli,
692 1693 807 1745 quorum
826 1676 877 1729 sub
895 1676 998 1729 vertice
1016 1676 1073 1730 late

388 1756 520 1824 Aequora
536 1757 599 1808 tuta
616 1753 712 1817 silent;
730 1756 791 1806 tum
809 1752 885 1806 silvis
903 1768 1000 1805 scaena
1017 1751 1136 1808 eoruseis

387 1827 514 1898 Desuper
525 1830 702 1897 horrentique
714 1832 804 1882 atrum
818 1844 914 1881 nemus
925 1827 1051 1882 imminet
1062 1827 1178 1896 umbra;
1206 1845 1244 1884 ιω

388 1904 490 1959 Fronte
509 1906 559 1958 sub
576 1906 692 1957 adversa
710 1904 827 1972 seopulis
844 1904 1028 1973 pendentibus
1046 1909 1166 1981 antrum,

388 1981 469 2035 Intus
486 1997 574 2049 aquae
591 1981 684 2034 dulces
702 1981 818 2050 vivoque
836 1981 933 2034 sedilia
951 1996 1023 2048 saxo,

387 2054 575 2124 Nympharum
594 2057 704 2111 doinus:
723 2056 767 2110 hic
783 2057 870 2109 fessas
888 2073 942 2110 non
961 2056 1067 2109 vincula
1084 2055 1164 2109 navis

387 2132 451 2186 Ulla
469 2136 571 2198 tenent,
590 2149 659 2186 unco
676 2150 730 2185 non
748 2133 843 2199 alligat
861 2149 960 2185 ancora
978 2148 1077 2185 morsu.

387 2209 450 2262 lluc
468 2212 572 2277 septem
593 2211 702 2261 Aeneas
718 2209 839 2262 collectis
856 2209 970 2262 navibus
988 2208 1062 2261 omni
1207 2221 1245 2264 1⁷⁰

387 2284 429 2338 Ex
447 2301 560 2338 numero
578 2284 667 2349 subit3
688 2302 719 2338 ac
737 2301 837 2352 magno
856 2285 963 2338 telluris
978 2299 1071 2340 amore

386 2360 497 2430 Egressi
515 2365 610 2430 optata
626 2362 770 2428 potiuntur
787 2362 872 2414 Troes
890 2375 974 2413 arena

386 2437 424 2491 ut
442 2438 498 2492 sale
516 2438 636 2492 tabentis
653 2441 729 2491 artus
747 2437 776 2489 in
793 2436 874 2490 litore
892 2440 1003 2505 ponunt

387 2514 431 2567 Ae
447 2514 565 2583 prirrrurrr
584 2514 650 2567 silici
668 2514 813 2567 scintillam
832 2514 944 2569 excudit
963 2514 1084 2571 Achates

386 2589 569 2657 Sueeepitquo
586 2590 676 2655 ignem
695 2589 767 2642 foliis
784 2593 869 2657 atque
887 2589 964 2643 arida
981 2590 1083 2644 circum
1205 2606 1242 2649 1⁷⁵

387 2665 564 2718 Nutrimenta
582 2665 660 2717 dedit
677 2664 823 2732 rapuitque
840 2666 869 2717 in
886 2665 982 2719 fomite
999 2666 1145 2723 flammam

386 2741 454 2794 'lum
473 2740 602 2793 Cererem
620 2744 775 2807 corruptam
793 2741 875 2794 undis
894 2737 1070 2810 cerealiaque
1087 2758 1162 2797 arma

385 2815 546 2886 llxped'umt
562 2815 627 2868 fessi
644 2832 744 2882 rerum,
762 2816 912 2885 frugesque
931 2813 1056 2886 'receptas

385 2891 424 2948 Ilt
441 2896 546 2946 torrere
563 2898 662 2959 parant
679 2892 795 2945 flammis
814 2897 843 2947 et
861 2895 988 2962 frangere
1007 2910 1080 2949 saxo.

421 2970 530 3023 Aeneas
548 2967 687 3035 scopulum
706 2969 813 3023 interea
830 2970 988 3024 conscendit
1005 2973 1035 3024 ot
1052 2986 1161 3024 omnem
1205 2986 1242 3026 lea

386 3046 565 3116 Prospectum
584 3044 640 3097 late
657 3045 754 3113 pelago
771 3046 853 3114 petit,
873 3046 985 3099 Anthea
1002 3047 1025 3099 si
1044 3062 1126 3116 quern

386 3124 522 3177 laetatum
540 3125 623 3176 verrto
640 3122 733 3175 videat
751 3122 938 3191 Phrygiasque
956 3122 1076 3190 biremis,

386 3202 446 3253 Aut
464 3201 564 3268 Capyn,
582 3202 631 3251 aut
648 3198 727 3251 celsis
744 3199 772 3251 in
790 3198 927 3266 puppibus
945 3215 1022 3251 arma
1040 3198 1122 3254 Caiei.

385 3274 490 3328 Navem
508 3276 535 3328 in
554 3279 700 3343 conspectu
714 3274 828 3346 nullam,
846 3275 898 3327 tris
916 3275 996 3327 litere
1014 3290 1109 3329 cervos

385 3350 520 3418 Prospicit
538 3352 669 3415 errantis3
690 3351 740 3404 hos
757 3354 819 3404 tota
835 3354 959 3403 armenta
976 3353 1130 3418 sequuntur
1203 3365 1242 3407 aas

378 3426 406 3477 A
428 3429 512 3493 terge,
533 3431 562 3481 ct
579 3427 690 3496 longum
707 3444 760 3498 per
777 3426 857 3480 vallis
872 3427 996 3495 pascitur
1014 3442 1125 3491 agmen.

364 3497 502 3556 Constitit
517 3502 572 3571 hic,
593 3523 751 3577 arcumque
768 3520 858 3559 manu
874 3502 1034 3568 celerisque
1050 3497 1171 3562 sagittus

348 3569 506 3648 Uombur‘t,
524 3581 606 3638 fidus
626 3600 705 3655 quae
726 3583 788 3641 tela
807 3579 936 3653 gerebat
955 3575 1097 3635 Achates,
