3242 4159
625 951 655 1001 P.
678 948 834 999 veneror
856 946 1024 997 MARONIS

594 1070 632 1147 G
648 1070 683 1144 E
703 1071 736 1146 Ο
755 1071 793 1143 R
813 1070 849 1143 G
867 1070 889 1141 Ι
907 1068 938 1143 Ο
957 1068 991 1143 Ο
1011 1066 1050 1139 Ν

660 1236 777 1290 amun
803 1234 989 1301 QUARTUS.

775 1408 877 1439 -4—

394 1554 542 1610 Putamus
560 1554 627 1608 aerii
645 1554 734 1608 mellis
752 1555 882 1608 caelestia
900 1554 972 1607 dona

395 1630 548 1698 Exsequar.
584 1629 664 1683 Hanc
682 1630 773 1697 etiam,
792 1630 945 1697 Maecenas,
962 1630 1053 1698 aspice
1071 1631 1185 1697 partem.

398 1706 575 1761 Admiranda
592 1705 644 1759 tibi
661 1705 762 1759 levium
781 1705 935 1774 spectacula
953 1721 1045 1757 rerum

396 1781 646 1850 Magnanimosque
665 1782 749 1835 duces
767 1780 907 1849 totiusque
926 1780 1021 1834 ordine
1039 1780 1131 1849 gentis

394 1858 490 1911 Mores
509 1861 540 1911 et
558 1858 649 1911 studia
667 1860 696 1911 et
712 1857 826 1927 populos
845 1860 873 1911 et
891 1857 995 1926 proelia
1015 1857 1112 1911 dicam.
1239 1873 1253 1910 s

394 1934 432 1988 In
449 1934 528 1988 tenui
545 1933 638 2001 labor;
660 1938 690 1987 at
707 1934 797 1988 tenuis
816 1951 871 1987 non
889 1933 984 2002 gloria,
1003 1934 1026 1988 si
1044 1952 1125 2004 quem

395 2010 518 2064 Numina
536 2009 614 2064 laeva
633 2010 724 2063 sinunt
743 2010 875 2077 auditque
895 2013 1007 2064 vocatus
1026 2012 1133 2081 Apollo.

434 2083 570 2153 Principio
589 2085 669 2139 sedes
688 2085 783 2153 apibus
803 2087 941 2154 statioque
959 2088 1086 2157 petenda,

395 2163 458 2227 Quo
475 2177 566 2230 neque
583 2161 620 2216 sit
638 2164 727 2217 ventis
747 2163 943 2230 aditus-nam
961 2164 1061 2232 pabula
1078 2164 1152 2217 venti

393 2238 482 2292 Ferre
495 2238 606 2292 domum
619 2238 891 2308 prohibent—neque
904 2257 967 2293 oves
979 2240 1114 2307 haedique
1126 2239 1226 2307 petulci

394 2314 523 2368 Floribus
541 2314 680 2381 insultent,
700 2319 749 2368 ant
768 2332 862 2368 errans
881 2316 979 2368 bucula
997 2332 1091 2382 campo
1230 2328 1252 2364 11

395 2391 527 2444 Decutiat
545 2406 643 2458 rorem,
664 2396 693 2445 et
711 2391 848 2459 surgentis
867 2394 971 2444 atterat
988 2390 1093 2443 herbas.

397 2465 499 2520 Absint
517 2469 546 2520 et
563 2466 630 2535 picti
650 2468 803 2537 squalentia
822 2471 902 2534 terga
919 2466 1014 2520 lacerti

396 2542 549 2609 Pinguibus
567 2561 584 2597 a
602 2544 726 2612 stabulis,
746 2560 935 2614 meropesque,
954 2544 1078 2614 aliaeque
1095 2544 1225 2609 volucres,

394 2620 434 2673 Et
453 2619 578 2675 manibus
597 2620 701 2674 Procne
721 2624 816 2690 pectus
836 2623 942 2689 signata
959 2622 1092 2687 cruentis;
1230 2635 1253 2671 15

395 2696 496 2749 Omnia
514 2713 578 2750 uam
595 2696 651 2751 late
670 2700 786 2764 vastant,
807 2699 935 2768 ipsasque
954 2698 1069 2753 volantis

395 2773 453 2826 Ore
471 2772 564 2825 ferunt
584 2773 691 2827 dulcem
711 2774 783 2828 nidis
801 2775 941 2828 inmitibus
961 2792 1057 2829 escam.

396 2851 439 2904 At
456 2848 553 2918 liquidi
571 2850 661 2903 fontes
681 2856 710 2906 et
729 2855 828 2919 stagna
846 2853 961 2906 virentia
978 2868 1070 2906 musco

395 2926 509 2994 Adsint,
528 2931 557 2982 et
575 2929 665 2981 tenuis
683 2930 789 2997 fugiens
808 2946 859 2998 per
876 2930 999 2998 gramina
1016 2929 1096 2992 rivus,

395 3005 548 3072 Palmaque
568 3005 731 3059 vestibulum
750 3008 798 3059 aut
817 3007 913 3075 iugens
932 3006 1049 3060 oleaster
1066 3001 1213 3064 inumbret,

395 3080 445 3147 Ut,
464 3096 526 3134 cum
544 3079 633 3149 prima
651 3082 713 3134 novi
733 3082 835 3138 ducent
853 3083 978 3136 examina
995 3095 1073 3147 reges
1231 3091 1254 3127 21

395 3157 473 3211 Vere
490 3174 546 3225 suo,
566 3156 698 3227 ludetque
716 3160 785 3213 faris
803 3161 900 3214 emissa
918 3159 1051 3221 iuventus,

395 3235 494 3288 Vicina
511 3235 609 3288 invitet
629 3235 765 3290 decedere
783 3238 844 3305 ripa
862 3235 951 3300 calori,

395 3313 539 3377 Obriaque
554 3311 680 3379 hospitiis
698 3317 792 3370 teneat
810 3311 1009 3368 frondentibus
1025 3307 1119 3363 arbos.
1227 3324 1229 3327 ·

380 3386 418 3437 [Β
435 3386 566 3450 medinm,
586 3404 636 3443 seu
656 3392 746 3449 stabit
765 3395 853 3463 iners,
875 3411 928 3449 scu
946 3392 1076 3465 probuet
1088 3386 1211 3448 numu,
1263 3389 1286 3427 a

370 3458 558 3554 &emergas
574 3464 678 3523 salices
699 3476 732 3527 et
748 3474 884 3542 grandia
900 3474 1018 3532 conice
1038 3484 1125 3535 sax&
