3242 4159
382 528 413 572 56
617 523 647 572 P.
666 523 819 572 VERGILI
835 522 1000 571 MARONIS

382 604 520 658 Plurimus
538 602 693 658 Alburnum
710 603 836 672 volitans,
853 603 897 657 cui
914 620 1013 658 nomen
1029 605 1097 660 asilo
1152 601 1153 604 ’

383 680 535 733 Romanum
553 683 604 746 est,
623 683 744 733 oestrum
763 680 839 733 Graii
857 684 966 734 vertere
983 686 1119 751 vocantes,

383 758 481 825 Asper,
500 755 599 810 acerba
617 772 722 824 sonans,
742 773 795 824 quc
814 759 875 810 tcta
893 758 1027 811 exterrita
1043 759 1118 813 silvis

383 832 536 900 Diffugiunt
553 835 692 896 armenta;
708 832 775 885 furit
792 833 943 901 mugitibus
960 834 1057 888 aether
1203 850 1239 891 150

384 909 534 963 Ooncussus
553 908 690 977 silvaeque
708 911 738 962 et
756 909 819 962 sicci
837 910 896 977 ripa
914 910 1037 979 Tanagri

384 985 446 1040 Hoc
463 985 599 1054 quondam
619 988 741 1039 monstro
758 984 896 1038 horribilis
914 987 1036 1041 exercuit
1052 987 1108 1042 iras

384 1060 511 1131 Inachiae
530 1061 599 1114 luno
617 1065 724 1130 pestem
742 1061 877 1115 meditata
893 1062 1029 1116 iuvencae.

384 1137 467 1192 Hunc
484 1154 601 1206 quoque,
619 1154 682 1190 nam
700 1137 798 1191 mediis
815 1137 967 1191 terroribus
985 1138 1074 1191 acrior
1089 1140 1184 1207 instat,

384 1215 500 1268 Arcebis
518 1213 631 1282 gravido
649 1214 748 1282 pecori,
765 1216 944 1282 armentaque
961 1231 1056 1282 pasces
1202 1230 1238 1270 155

385 1291 447 1346 8015
465 1308 559 1344 recens
577 1294 637 1344 orto
655 1293 704 1344 aut
721 1294 829 1344 noctem
847 1290 1010 1344 ducentibus
1028 1291 1118 1348 astris.

420 1368 486 1422 Post
503 1372 612 1436 partum
631 1367 740 1421 ornain
758 1367 857 1421 vitulos
875 1366 1030 1421 traducitur
1047 1367 1151 1433 omnis;

385 1444 574 1513 Continuoque
593 1447 672 1498 notas
690 1447 718 1497 55
736 1444 845 1496 nomina
861 1443 953 1511 gentis
970 1444 1090 1512 inurunt,

385 1521 423 1574 Et
440 1537 508 1589 quos
525 1523 574 1573 aut
591 1520 682 1589 pecori
700 1520 797 1572 malint
815 1519 978 1573 submittere
995 1519 1131 1589 habendo,

386 1600 445 1651 Aut
463 1597 517 1649 aris
536 1612 644 1649 servare
663 1612 758 1661 sacros,
777 1598 825 1649 aut
843 1595 969 1651 scindere
985 1599 1089 1651 terram
1203 1614 1239 1653 100

385 1672 422 1726 115
439 1688 563 1741 campum
581 1672 737 1726 horrentem
755 1671 849 1725 fractis
866 1672 1004 1726 invertere
1021 1673 1132 1741 glaebis

386 1749 485 1804 Cetera
501 1753 649 1818 pascuntur
667 1748 762 1803 51510115
780 1752 905 1802 armenta
921 1766 972 1817 per
989 1749 1101 1805 herbas:

386 1827 427 1880 Tu
445 1843 512 1895 quos
530 1826 566 1880 ad
584 1826 704 1880 studium
722 1828 807 1894 atque
824 1842 903 1879 usum
920 1825 1050 1879 formabis
1067 1832 1215 1894 agrestem,

386 1903 447 1957 Iam
464 1904 563 1957 vitulos
581 1903 700 1969 hortare,
718 1902 844 1971 viamque
862 1902 958 1955 insiste
976 1902 1115 1970 domandi,

386 1980 459 2032 Dum
476 1980 570 2032 faciles
587 1979 670 2031 animi
688 1979 824 2045 15555515,
843 1978 910 2031 dum
927 1977 1033 2031 mobilis
1051 1980 1143 2033 aetas:
1204 1993 1240 2033 155

386 2057 429 2109 Ac
446 2056 564 2123 primum
581 2053 658 2107 laxos
676 2055 753 2107 tenui
771 2053 806 2107 de
824 2054 924 2107 vimine
941 2054 1037 2108 circlos

387 2131 492 2185 Cervici
510 2129 656 2196 subnecte3
675 2129 778 2195 dehinc,
796 2129 844 2183 ubi
862 2130 950 2183 libera
967 2128 1037 2184 colla

386 2207 503 2261 85551510
522 2206 669 2273 adsuerint,
688 2206 753 2274 ipsis
772 2223 787 2259 e
806 2207 951 2275 torquibus
969 2210 1048 2275 aptos

387 2283 474 2351 Iunge
491 2298 579 2351 pares,
598 2285 627 2335 55
644 2299 711 2351 coge
728 2282 845 2349 gradum
863 2284 987 2336 conferre
1004 2283 1147 2349 iuvencos3

387 2360 482 2428 Atque
498 2358 551 2411 illis
569 2358 624 2412 iam
642 2375 722 2427 saepe
740 2361 818 2412 rotae
837 2360 972 2413 ducantur
989 2359 1083 2413 inanes
1144 2364 1148 2370 '
1205 2376 1242 2416 170

387 2435 441 2490 Per
457 2439 569 2505 terram,
587 2439 617 2489 et
635 2452 740 2490 summo
757 2436 875 2504 vestigia
891 2435 1004 2505 pulvere
1023 2437 1147 2504 signent3

387 2512 452 2568 Post
471 2512 561 2566 5511010
578 2512 668 2567 nitens
687 2512 737 2566 sub
755 2511 878 2581 pondere
895 2513 1002 2580 faginus
1020 2513 1079 2566 axis

387 2587 535 2657 Instrepat,
554 2591 583 2641 et
600 2589 707 2643 iunctos
724 2593 798 2644 temo
818 2579 911 2643 trahat
929 2605 1025 2643 aereus
1044 2588 1126 2643 orbis

387 2663 499 2717 Interea
515 2663 581 2731 pubi
599 2663 748 2718 indomitae
766 2682 821 2717 505
838 2665 963 2733 gramina
981 2668 1097 2733 tantum,

386 2740 413 2793 N
414 2756 446 2794 ec
463 2755 556 2793 vescas
574 2740 685 2793 salicum
703 2740 815 2794 frondes
831 2741 977 2809 ulvamque
994 2742 1152 2811 palustrem,
1206 2756 1243 2797 17⁵

386 2816 443 2870 Sed
453 2815 592 2869 frumenta
609 2832 690 2868 manu
708 2832 803 2884 carpes
823 2821 898 2883 sata;
916 2835 966 2872 nec
983 2819 1035 2872 tibi
1052 2819 1135 2886 letae,
1175 2862 1177 2865 .

386 2892 465 2945 More
482 2894 599 2961 patrum,
617 2892 695 2946 51555
711 2892 855 2961 inplebunt
872 2894 1030 2948 mulctraria
1047 2911 1152 2962 555555,

387 2968 443 3024 Sed
460 2971 520 3023 5055
537 2967 565 3021 15
583 2967 670 3021 0151515
689 2974 849 3024 consument
865 2970 952 3024 ubera
969 2975 1054 3026 natos

421 3045 469 3100 815
486 3044 522 3099 501
539 3043 612 3098 bella
630 3047 716 3115 magis
735 3047 858 3101 studium
876 3050 1036 3114 turmasque
1054 3047 1161 3116 ferocis,

386 3123 447 3177 Aut
466 3122 574 3191 Alphea
591 3122 660 3177 rotis
677 3122 800 3193 praelabi
817 3123 929 3176 flumina
948 3122 1034 3191 Pisae,
1207 3138 1246 3180 150

386 3198 424 3253 ut
442 3198 515 3252 Iovis
532 3200 559 3252 in
577 3200 638 3252 luco
656 3215 752 3253 currus
769 3199 875 3267 agitare
892 3198 1023 3254 volantis:

387 3274 495 3328 Primus
513 3276 577 3345 equi
595 3275 672 3329 labor
690 3280 741 3345 est,
759 3277 864 3329 animos
882 3279 966 3342 atque
983 3293 1059 3330 arma
1077 3278 1173 3333 ridere

389 3350 552 3420 Bellantum,
569 3353 706 3421 lituosque
724 3352 790 3422 pati,
808 3355 953 3420 tractuque
970 3356 1127 3419 gementem

381 3426 471 3478 iletre
485 3431 583 3496 rotam,
604 3432 633 3482 et
651 3428 762 3484 stabulo
780 3429 873 3483 frenos
890 3427 988 3480 audire
1005 3430 1148 3493 sonantis,

354 3498 436 3575 ,Μ
451 3504 545 3570 magns
561 3509 653 3575 atque
669 3508 763 3579 magis
781 3506 900 3563 blandis
917 3502 1043 3573 gaudere
1057 3503 1192 3567 magistri
1218 3516 1263 3552 ms

387 3572 498 3631 ’rdibus
515 3584 551 3637 et
565 3582 693 3652 plausae
714 3588 847 3645 sonitum
866 3579 991 3640 ceruicis
1007 3588 1116 3631 amara
