3242 4159
385 530 432 577 112
615 524 645 572 P.
664 522 818 570 VERGILI
835 521 1003 572 MARONIS

383 605 521 659 Monstrat
538 605 599 673 iter,
618 620 726 673 quaque
744 604 867 657 ostendit
884 621 914 657 se
933 605 1040 674 dextra,
1058 621 1219 675 sequamrn:
1279 665 1280 672 ,

383 681 522 736 Mutemus
540 681 647 748 clipeos,
667 680 847 747 Danaumque
865 680 984 748 insignia
1001 682 1081 737 nobis
1279 693 1280 706 ¹

383 761 526 827 Aptemus.
562 758 648 810 Dolus
660 774 695 810 an
707 758 801 821 virtus,
816 756 877 824 quis
889 757 917 809 in
930 758 1009 812 hoste
1024 760 1169 828 requiratl
1202 777 1235 815 eso

383 837 471 888 Arma
488 833 593 887 dabunt
610 833 669 901 ipsi.
706 833 750 886 Sic
767 832 848 899 fatus,
868 832 967 888 deinde
986 840 1141 891 comantem

383 910 525 978 Androgei
544 910 650 977 galeam
668 909 803 976 clipeique
820 909 927 976 insigne
945 910 1075 965 decorum

383 986 519 1052 induitur,
537 986 672 1053 laterique
692 986 825 1053 Argivum
845 987 1036 1042 adcommodat
1054 1006 1156 1045 ensem.

383 1061 443 1117 lloc
463 1064 591 1131 Rhipeus,
609 1062 660 1115 hoc
679 1063 738 1130 ipse
757 1062 859 1130 Dymas
877 1064 1017 1132 omnisque
1035 1066 1166 1123 iuventus

381 1138 469 1194 Laeta
485 1140 566 1204 faeit3
584 1140 677 1207 spoliis
695 1156 725 1192 sc
743 1140 859 1208 quisque
877 1140 1033 1194 recentibus
1051 1147 1151 1198 mmet
1203 1159 1237 1198 aas

381 1216 515 1269 Vadimus
533 1217 641 1269 inmixti
661 1214 762 1268 Danais
781 1215 856 1267 haud
874 1218 984 1270 numine
1001 1221 1104 1288 nostre,

383 1292 525 1362 Multaque
543 1310 592 1361 per
611 1309 718 1345 caecam
737 1292 875 1358 congressi
893 1293 997 1360 proelia
1013 1298 1124 1347 noctem

382 1367 564 1436 conserimus,
582 1368 683 1421 multos
703 1367 828 1420 Danaum
847 1367 1019 1422 demittimus
1038 1371 1119 1424 Orco.

381 1443 534 1512 Diffugiunt
551 1445 598 1497 alii
616 1444 652 1496 ad
670 1444 754 1510 navis,
773 1446 803 1496 et
820 1442 902 1496 litora
920 1460 1001 1497 cursu

381 1519 452 1575 llida
469 1523 582 1588 petunt:
601 1536 665 1587 pars
683 1520 823 1588 ingentem
840 1519 986 1573 formidine
1003 1521 1078 1589 turpi
1202 1533 1237 1573 seo

381 1596 521 1649 Searrdunt
539 1612 634 1649 rursus
653 1611 753 1662 equum
771 1597 802 1647 et
819 1598 885 1648 nota
903 1596 1057 1649 conduntur
1073 1596 1102 1649 in
1121 1597 1189 1651 alvo.

352 1725 355 1730 ,
380 1734 384 1738 ,
416 1672 480 1725 Heu
496 1672 562 1724 nihil
580 1671 673 1723 invitis
690 1670 731 1723 fas
750 1687 914 1739 quemquam
933 1672 1019 1725 lidere
1037 1671 1122 1727 divisi

353 1760 359 1774 “
380 1745 450 1801 ilcee
467 1747 628 1801 trahebatur
645 1746 733 1816 passis
752 1746 890 1800 Priameia
909 1748 985 1815 virge

380 1824 543 1878 Crinibusa
562 1824 665 1892 templo
684 1823 837 1876 Cassandra
854 1823 998 1892 adytisque
1016 1823 1167 1892 Minervae,

379 1899 428 1952 Ad
445 1901 549 1953 caelum
567 1900 684 1953 tendens
702 1898 828 1952 ardentia
845 1899 948 1952 lumina
965 1900 1076 1965 frustra,
1201 1914 1237 1953 ses

379 1972 503 2042 Lumina,
521 1992 584 2028 nam
601 1979 713 2028 teneras
730 1974 860 2028 arcebant
878 1975 985 2028 vincula
1001 1976 1112 2042 palmas.
1149 1985 1162 2010 ⁹

379 2049 406 2103 N
408 2066 443 2103 on
460 2052 525 2103 tulit
542 2051 611 2104 hanc
630 2051 747 2118 speciem
764 2051 866 2104 furiata
883 2055 975 2104 mente
994 2052 1143 2120 Coroebus,

380 2126 417 2179 Et
435 2142 495 2179 sese
513 2127 636 2180 medium
655 2127 749 2180 iniecit
766 2128 906 2195 periturus
924 2129 951 2181 in
970 2144 1078 2195 agmen.

380 2201 578 2270 Consequimur
595 2202 686 2256 cuncti
704 2206 734 2256 ct
751 2202 843 2256 densis
861 2204 1024 2256 incurrimus
1040 2204 1129 2259 armis

380 2278 434 2331 Hic
451 2279 569 2346 primum
587 2296 621 2331 ex
640 2280 695 2332 alto
714 2278 821 2332 delubri
839 2280 956 2333 culmine
973 2280 1036 2333 telis
1203 2294 1238 2333 41⁰

379 2354 544 2408 Nostrorum
563 2354 711 2422 obruimur,
730 2355 872 2423 oriturque
891 2356 1043 2409 miserrima
1059 2356 1160 2410 caedes

380 2430 529 2484 Armorum
546 2432 615 2485 facie
634 2435 663 2484 et
681 2431 827 2485 Graiarum
846 2448 938 2484 errore
957 2430 1089 2484 iubarum.

379 2504 448 2559 Tum
467 2505 556 2561 Danai
572 2508 678 2575 gemitu
695 2508 780 2575 atque
798 2510 909 2574 ereptae
927 2507 1039 2573 virginis
1056 2506 1098 2559 ira

379 2579 510 2650 Undique
528 2583 634 2636 collecti
652 2583 792 2650 invadunt,
812 2583 960 2635 acerrimus
980 2582 1060 2647 Aiax,

379 2655 416 2709 Et
426 2658 528 2723 gemini
541 2658 665 2724 Atridae,
678 2658 869 2726 Dolopumque
882 2659 1018 2713 exereitus
1036 2657 1139 2720 omnis;
1198 2671 1236 2710 41⁵

380 2731 499 2785 Adversi
517 2737 599 2800 rupto
617 2748 667 2785 ceu
686 2734 823 2801 quondam
842 2735 953 2788 turbine
971 2733 1048 2787 venti

380 2806 541 2875 Confligrmt
560 2808 753 2875 Zephyrusque
772 2809 917 2879 Notusque
936 2813 965 2863 et
982 2810 1071 2862 laetus
1089 2808 1155 2861 Ilois

379 2882 469 2937 Eurus
488 2883 580 2952 equis;
597 2884 717 2936 stridunt
736 2884 827 2953 silvae,
847 2886 990 2955 saevitque
1009 2884 1124 2939 tridenti

380 2960 513 3027 Spumeus
530 2962 615 3027 atque
632 2959 686 3012 imo
704 2959 813 3015 Nereus
831 2963 884 3015 ciet
903 2979 1022 3030 aequora
1037 2960 1130 3014 fundo.

380 3035 424 3089 Illi
443 3036 532 3102 etiam,
550 3037 573 3090 si
592 3052 660 3103 quos
678 3036 793 3090 obseura
810 3042 892 3092 nocto
910 3055 962 3106 per
979 3038 1104 3090 umbram
1201 3049 1238 3088 sao

380 3112 512 3166 Fudimus
529 3111 634 3166 insidiis
651 3115 765 3182 totaque
784 3114 949 3181 agitavimus
967 3114 1043 3179 urbe,

379 3188 537 3257 Adparent3
555 3189 636 3257 primi
653 3189 754 3257 clipeos
772 3190 944 3260 mentitaque
962 3190 1019 3243 tela

379 3265 568 3334 Adgnoseunt,
587 3270 671 3334 atque
688 3282 737 3317 ora
755 3281 821 3317 sone
840 3265 976 3319 discordia
994 3266 1111 3333 signant.

379 3338 459 3394 Ilicet
477 3341 618 3395 obruimur
635 3357 763 3405 numero;
781 3341 941 3410 primusque
960 3339 1099 3395 Coroebus

376 3413 486 3469 Penelei
504 3418 604 3472 dextra
622 3417 701 3472 divae
719 3416 909 3487 armipotentis
925 3419 965 3470 ad
979 3433 1057 3470 aram
1197 3429 1236 3471 ω

359 3485 542 3562 Procumbit5
561 3496 640 3552 cadit
658 3499 689 3552 et
709 3496 847 3567 Rhipeus,
863 3492 1037 3548 iustissimus
1051 3505 1128 3574 unus

347 3562 405 3628 Qui
415 3568 478 3624 fuit
494 3571 526 3627 in
551 3574 670 3631 Teucris
691 3579 726 3633 et
744 3570 984 3631 servantissimus
1001 3578 1108 3633 aequm
