3242 4159
623 517 807 569 AENEIDOS
824 519 895 569 LIB.
918 518 996 569 v11L
1190 522 1234 569 231

383 600 421 655 m
439 616 524 667 mare,
542 598 616 667 quod
634 615 723 667 supra,
742 601 864 664 teneant,
882 598 1012 667 quodque
1028 596 1117 653 adluit
1133 598 1211 653 infra

383 676 490 744 Accipe
508 676 599 743 daque
617 674 708 728 fidem.
745 674 815 728 Sunt
831 674 910 727 nobis
926 674 1010 728 fortia
1026 673 1099 728 bello
1202 688 1239 729 loo

384 754 509 820 Pectora,
528 754 592 805 sunt
610 751 692 803 animi
711 754 740 805 et
757 750 841 805 rebus
859 755 983 818 spectata
999 752 1135 805 iuventus.

384 827 502 881 Dixerat
521 828 637 881 Aeneas
675 827 727 880 Ille
744 843 775 879 os
792 826 938 895 oculosque
956 827 1093 895 loquentis

384 901 551 957 Iamdudum
569 907 598 958 et
615 907 705 959 totum
723 902 859 957 lustrabat
876 903 978 957 lumine
995 919 1101 973 eorpus.

384 979 455 1033 Tum
473 981 512 1033 sic
527 997 614 1049 pauca
631 979 729 1035 refert:
749 980 790 1034 Ut
806 983 843 1049 te,
862 980 1011 1034 fortissime
1028 979 1169 1047 Teucrum,

384 1055 501 1125 Accipio
519 1056 710 1125 adgnoscoque
727 1053 828 1110 libens!
847 1059 879 1111 ut
896 1056 981 1110 rerba
998 1057 1121 1126 parentis
1202 1069 1240 1111 1⁵5

384 1132 423 1186 Et
440 1148 535 1185 vocem
553 1132 690 1186 Anchisae
707 1135 799 1201 magni
817 1132 974 1201 voltumque
991 1132 1132 1187 recordor!

384 1208 459 1261 Nam
476 1208 586 1262 memini
605 1209 742 1263 Hesionae
760 1209 893 1263 visentem
910 1226 995 1276 regna
1013 1209 1112 1263 sororis

385 1284 637 1342 Laomedontiaden
656 1286 801 1353 Priamum,
820 1286 956 1340 Salamina
972 1289 1121 1354 petentem,

385 1360 516 1415 Protinus
534 1362 671 1415 Arcadiae
688 1361 819 1429 gelidos
811 1363 929 1415 inrisere
946 1361 1015 1415 finis.

385 1437 456 1491 rum
473 1437 538 1491 mihi
555 1437 643 1507 prima
660 1454 744 1505 genas
762 1438 882 1493 vestibat
898 1438 966 1491 flore
982 1438 1109 1503 iuventa3
1202 1410 1240 1490 ibo

365 1512 564 1582 ¹Mirabarque
582 1513 665 1567 duces
683 1511 808 1581 Teucros,
826 1514 947 1568 mirabar
964 1514 1019 1569 et
1010 1530 1101 1583 rpsum

385 1588 651 1656 Laomedontiaden;
669 1590 718 1643 sed
735 1590 840 1644 cunctis
858 1590 939 1644 altior
955 1590 1014 1645 ibat

386 1665 529 1719 Anchises.
566 1665 635 1719 Mihi
653 1682 730 1719 mons
746 1666 865 1721 iuvenali
881 1665 997 1721 ardebat
1014 1682 1107 1721 amore

386 1740 558 1810 Compellare
575 1742 670 1809 virum,
689 1745 718 1796 et
736 1742 852 1796 dextrae
870 1743 1034 1810 coniungere
1052 1742 1193 1806 dextram3

386 1816 506 1885 Accessi,
525 1819 554 1871 et
571 1817 686 1885 cupidus
705 1816 807 1871 Phenei
826 1816 877 1871 sub
894 1818 1002 1871 moenia
1019 1816 1093 1872 duxi.
1203 1831 1240 1871 rot

386 1892 441 1947 Ille
458 1893 525 1946 mibi
541 1892 675 1961 insignem
691 1893 850 1960 pharetram
868 1893 1018 1962 Lyciasque
1036 1892 1152 1961 sagittas

386 1968 541 2023 Discedens
559 1968 783 2038 chlamydemque
801 1975 868 2023 amo
886 1970 964 2023 dedit
979 1969 1166 2037 intertextam,

387 2044 533 2113 Frenaque
548 2044 621 2113 bina,
637 2062 714 2099 meus
731 2062 802 2114 quae
819 2063 890 2100 nunc
907 2045 1000 2114 habet,
1019 2061 1108 2111 aurea,
1126 2044 1222 2099 Pallas

387 2119 461 2189 Ergo
479 2123 516 2189 et,
532 2137 614 2189 quam
631 2122 732 2191 petitis,
749 2121 841 2176 iuncta
859 2127 902 2176 est
918 2121 986 2175 mihi
1003 2121 1116 2176 foedere
1133 2121 1237 2186 dextra,

386 2194 432 2264 m,
450 2196 498 2249 lux
515 2213 576 2250 cum
594 2197 712 2265 primum
730 2197 814 2251 terris
832 2215 861 2252 so
878 2199 998 2252 crastina
1014 2198 1122 2265 reddet,
1203 2209 1240 2250 170

389 2271 500 2325 Auxilio
516 2271 602 2326 laetos
620 2271 766 2339 dimittam,
785 2273 938 2341 opibusque
954 2273 1059 2327 iuvabo.

388 2347 502 2402 Interea
518 2363 596 2403 sacra
612 2348 686 2416 haec,
705 2348 814 2417 quando
831 2348 885 2403 huc
901 2349 1014 2403 venistis
1031 2348 1118 2416 amici,

389 2424 495 2491 Annua,
514 2440 584 2492 quae
602 2423 712 2477 differre
729 2424 814 2491 nefas,
832 2424 968 2477 celebrate
985 2424 1109 2477 faventes

387 2498 547 2567 Nobiscum,
562 2498 616 2553 et
608 2516 663 2552 ram
680 2516 750 2570 nunc
769 2500 901 2553 sociorum
919 2499 1072 2553 adsuescite
1089 2498 1196 2552 mensis

423 2575 501 2630 Haec
517 2540 563 2628 ubi
581 2575 661 2643 dicta,
679 2559 764 2643 dapes
782 2574 860 2629 iubet
877 2577 906 2629 et
923 2573 1031 2629 sublata
1047 2574 1143 2644 reponi
1203 2588 1239 2629 175

389 2651 496 2721 Pocula,
513 2652 707 2720 gramineoque
725 2651 797 2705 viros
815 2651 911 2705 locat
903 2667 962 2720 ipse
979 2650 1067 2716 sedili,

389 2728 623 2797 Praecipuumque
640 2731 701 2782 toro
719 2731 748 2782 et
765 2727 852 2782 villosi
869 2727 941 2797 pelle
957 2726 1045 2781 leonis

389 2804 499 2871 Accipit
518 2806 639 2871 Aenean,
658 2804 778 2872 solioque
794 2804 894 2858 invitat
910 2820 1016 2858 acerno.

387 2880 457 2934 Tum
473 2880 538 2935 lecti
556 2881 666 2935 iuvenes
684 2880 811 2935 certatim
829 2896 948 2949 araeque
967 2878 1096 2933 sacerdos

388 2956 502 3011 Viscera
511 2959 586 3011 tosta
596 2957 688 3009 feriunt
699 2959 847 3023 taurorum,
859 2959 1027 3022 onerantque
1044 2953 1169 3008 canistris
1203 2968 1240 3006 rso

387 3032 470 3085 Dona
486 3031 626 3086 laboratae
645 3031 760 3099 Cereris,
779 3032 971 3098 Bacchumque
987 3029 1152 3083 ministrant.

387 3108 519 3162 Vescitur
537 3106 647 3162 Aeneas
664 3106 743 3161 simul
761 3110 790 3160 et
808 3107 923 3160 Troiana
940 3106 1067 3159 iuventus

388 3182 521 3253 Perpetui
537 3187 616 3252 tergo
633 3183 711 3237 boris
729 3185 759 3236 et
776 3181 936 3236 lustralibus
953 3180 1033 3234 extis.

425 3259 575 3329 Postquam
586 3262 715 3329 exempta
726 3259 811 3311 fames
823 3260 852 3311 et
863 3273 939 3310 amor
950 3270 1119 3324 compressus
1130 3254 1240 3329 edendi,

388 3335 451 3391 Rex
469 3336 614 3389 Euandrus
631 3336 684 3390 ait:
702 3334 764 3388 Non
782 3333 850 3387 haec
867 3331 1007 3386 sollemnia
1023 3330 1109 3398 nobis,
1202 3346 1240 3385 ms

389 3412 451 3467 Has
468 3428 502 3465 ex
519 3428 597 3466 more
615 3412 707 3483 dapes,
726 3410 797 3466 banc
812 3409 888 3467 tanti
901 3407 1026 3464 numidis
1039 3422 1124 3462 aram

384 3486 459 3557 Vapa
475 3488 640 3555 superstitio
659 3490 872 3563 veterumque
864 3503 972 3561 ignara
985 3485 1114 3541 deorum

365 3545 510 3626 Ι881888ιιὶ8ε
525 3565 631 3637 meris,
650 3567 759 3641 hospes
777 3570 921 3642 Troiane,
935 3562 1065 3641 pendis
