3242 4159
381 539 428 588 306
611 533 640 581 P.
658 531 811 580 VERGILI
829 530 996 580 MARONIS

378 617 451 669 Saxa
462 612 540 681 fugit,
558 612 680 682 litusque
700 612 771 666 vodo
788 611 899 665 labente
916 611 1055 679 relinquit.

380 690 428 744 Bis
449 690 529 743 Tusci
552 690 670 744 Rutulos
691 705 773 756 egere
791 688 828 741 ad
848 688 955 741 moenia
973 704 1090 752 versos,
1158 693 1164 703 “

381 767 428 819 Bis
447 766 542 819 reiecti
563 767 646 819 ermis
667 768 823 833 respectant
841 767 921 831 terge
939 767 1074 831 tegentes.
1197 782 1231 821 oso

379 841 473 894 Tertia
493 842 543 894 sed
561 845 706 910 postquam
726 840 864 907 congressi
882 840 911 892 in
929 839 1035 907 proelia
1054 843 1130 894 totas

380 916 536 985 Inplicuere
555 918 628 971 inter
648 932 678 969 se
699 915 778 982 acies,
798 915 921 983 legitque
941 916 1031 968 virum
1050 916 1108 971 vir:

379 992 447 1045 Tum
468 1009 533 1045 vero
552 997 581 1046 et
599 992 718 1059 gemitus
737 991 910 1057 morientum,
923 993 952 1044 et
968 991 1100 1058 sangnine
1119 992 1147 1045 in
1164 995 1220 1048 alto

378 1068 521 1135 Armaque
539 1083 708 1135 corporaque
728 1070 758 1120 et
775 1066 906 1135 permixti
926 1066 1010 1120 caede
1031 1068 1151 1121 virorum

379 1142 557 1197 Semianimes
575 1144 721 1197 volvuntur
740 1142 820 1211 equi3
837 1159 930 1210 pugne
947 1159 1045 1210 aspere
1064 1145 1161 1212 siugit.
1197 1161 1232 1199 ms

380 1218 536 1280 Orsilochus
557 1219 674 1287 Remuli,
697 1218 805 1287 quando
824 1218 914 1286 ipsum
934 1217 1065 1271 horrebat
1084 1218 1169 1287 adire,

380 1292 498 1347 Hastam
519 1295 629 1348 intorsit
648 1311 726 1363 equo,
745 1294 903 1361 ferrumque
921 1292 972 1345 sub
992 1310 1059 1347 aure
1080 1294 1202 1363 reliquit

380 1369 439 1434 Quo
459 1370 567 1438 sonipes
585 1371 642 1424 ictu
662 1371 730 1423 furit
749 1367 859 1434 arduus,
880 1367 991 1436 alteque
1011 1369 1098 1424 iactat

379 1444 507 1499 Vulneris
525 1446 662 1513 inpatiens
682 1447 788 1498 arrecto
806 1446 918 1512 pectore
937 1461 1024 1498 crura.

379 1519 507 1573 Volvitur
519 1521 565 1575 ille
586 1538 715 1575 excussus
733 1520 817 1574 humi,
852 1519 966 1572 Catillus
988 1520 1083 1587 Iollan,
1197 1539 1233 1575 oro

381 1594 581 1664 lugentemque
599 1597 703 1662 animis,
722 1595 862 1663 ingentem
881 1611 994 1664 corpore
1014 1600 1043 1649 et
1061 1596 1147 1650 armis

380 1671 480 1725 Doiicit
500 1671 681 1739 Herminium,
700 1671 779 1724 nudo
796 1671 840 1723 cui
859 1671 961 1725 vertice
981 1669 1055 1724 fulva

379 1746 526 1815 Caresuries,
544 1748 665 1815 nudique
683 1746 806 1812 humeri;
823 1763 874 1800 nec
892 1745 1002 1799 volnera
1019 1750 1141 1813 terrent;

380 1821 482 1876 'l'untus
500 1824 529 1875 in
546 1840 623 1877 arma
640 1827 724 1893 petet.
753 1823 844 1883 ,Latos
862 1822 926 1874 huic
943 1821 1023 1874 hasta
1040 1839 1090 1890 per
1108 1840 1202 1879 armos

380 1898 453 1950 Acta
470 1899 571 1966 tremit,
591 1900 767 1968 duplicatque
785 1899 872 1950 virum
891 1897 1023 1950 transfixa
1041 1897 1143 1953 dolore,
1197 1915 1234 1954 oss

380 1971 518 2025 Funditur
535 1979 596 2028 ater
613 1975 716 2043 ubique
734 1990 831 2037 cruor;
849 1973 917 2026 dant
934 1972 1032 2025 funera
1048 1974 1123 2027 ferro
1201 2019 1207 2030 .

380 2047 532 2114 certantes,
550 2050 746 2117 pulchramque
763 2052 865 2117 petunt
881 2064 932 2117 per
949 2047 1060 2101 volnera
1076 2054 1205 2106 mortem.

415 2124 454 2175 At
472 2123 575 2175 medias
593 2124 666 2176 inter
683 2124 781 2177 caedes
798 2124 921 2177 exsultat
939 2123 1069 2191 Amazon,

379 2198 472 2251 Unum
490 2201 600 2251 exserta
617 2198 689 2252 letus
706 2215 822 2268 pugnae,
841 2199 1001 2267 pharetrata
1019 2199 1153 2267 Camilla;

380 2274 416 2328 ut
433 2290 504 2327 nunc
522 2274 597 2328 lenta
614 2291 697 2329 manu
714 2291 846 2343 spargens
863 2274 973 2328 hastilia
990 2274 1095 2341 denset,
1197 2293 1234 2332 oso

379 2350 404 2401 N
407 2366 458 2403 unc
476 2350 593 2403 validam
612 2351 711 2409 dextra
728 2351 801 2419 rapit
819 2350 955 2403 indefessa
972 2349 1137 2419 bipennem3

380 2428 488 2479 Aureus
507 2443 541 2479 ex
559 2426 672 2481 humero
690 2431 768 2481 sonet
786 2442 865 2481 arcus
883 2430 913 2479 et
930 2442 1006 2479 orma
1023 2425 1136 2481 Dianae.

380 2501 431 2554 llla
449 2502 539 2570 etiem,
558 2503 581 2555 si
600 2503 709 2572 quando
726 2502 754 2555 in
772 2505 881 2569 tergum
899 2502 978 2569 pulsa
994 2503 1117 2570 recessit,

378 2576 488 2644 Spicula
505 2594 635 2631 converso
653 2578 785 2645 fugientia
802 2577 898 2645 dirigit
915 2593 987 2630 arcu,

380 2654 420 2705 At
437 2654 538 2705 circum
556 2654 644 2706 lectae
662 2654 782 2718 comites,
802 2653 955 2720 Larinaque
973 2652 1050 2720 virgo
1195 2670 1233 2709 ess

378 2726 510 2794 Tullaque
527 2732 556 2781 et
574 2732 695 2781 aeratam
714 2730 841 2796 quatiens
859 2728 975 2796 Tarpeia
993 2728 1117 2795 securim,

378 2802 501 2867 Italides,
521 2818 589 2870 quas
606 2803 666 2869 ipsa
683 2803 767 2856 decus
785 2803 838 2857 sibi
856 2803 902 2856 dia
920 2803 1035 2857 Camilla

376 2878 495 2946 Delegit,
513 2879 642 2946 pacisque
660 2877 744 2930 bonas
762 2877 883 2946 bellique
901 2878 1054 2932 ministras:

377 2954 477 3017 Quales
495 2955 635 3008 Threiciae
653 2971 714 3007 cum
732 2954 844 3007 flumine
861 2952 1072 3007 Thermodontis
1189 3006 1194 3013 ,

377 3030 492 3084 Pulsant
509 3035 538 3085 et
555 3031 637 3100 pictis
654 3030 791 3083 bellantur
810 3029 963 3083 Amazones
980 3029 1072 3095 armis,
1195 3046 1233 3084 eoo

376 3104 431 3159 Seu
448 3107 550 3160 circum
571 3107 745 3175 Hippolyten,
764 3122 814 3159 seu
831 3120 893 3157 cum
910 3122 940 3158 se
958 3105 1062 3158 Martie
1079 3119 1162 3159 curru

376 3179 551 3236 Penthesilea
569 3183 663 3249 refert,
683 3197 838 3250 magnoque
855 3180 978 3233 ululante
995 3180 1117 3235 tumultu

375 3254 507 3311 Feminea
525 3257 664 3312 exsultant
681 3258 782 3310 lunatis
799 3256 908 3325 agmine
925 3256 1014 3325 peltis.

367 3330 456 3395 Quem
477 3333 535 3390 telo
550 3333 682 3407 primum,
702 3349 785 3405 quem
801 3337 980 3402 postremum,
996 3347 1093 3399 aspera
1111 3332 1200 3399 virgo,

346 3406 460 3468 Deiim's
470 3416 483 3470 7
493 3427 547 3471 aut
560 3421 635 3489 quot
646 3415 729 3473 humi
741 3410 896 3469 morientia
905 3423 1020 3474 corpora
1026 3406 1142 3458 lundisi
1199 3425 1239 3461 ea

343 3481 470 3547 Tuneum
496 3495 598 3568 Clytio
618 3498 751 3572 primum
771 3494 881 3563 paim
897 3484 978 3539 milli
993 3482 1123 3547 ‘ibelim

343 3560 457 3627 dreni
476 3573 577 3647 longa
599 3572 841 3639 transverberet
859 3562 962 3623 abiete
978 3558 1093 3625 petto&
