3242 4159
390 520 422 570 ⁵4
624 519 654 570 Ρ.
673 520 827 568 VERGILI
845 520 1012 570 MARONIS

391 601 429 654 Et
446 600 523 653 labor
540 603 570 653 et
588 599 674 654 durae
693 600 765 668 rapit
784 600 961 653 inelementia
977 600 1082 654 mortis.

391 678 504 744 Semper
522 678 610 740 erunt,
630 692 746 743 quarum
764 676 866 729 mutari
886 693 1002 746 corpora
1020 677 1112 730 malis:

391 752 593 820 Semperenim
612 752 699 819 refice,
719 769 757 819 ae,
776 769 810 807 ne
829 756 893 820 post
913 754 1012 806 amissa
1030 754 1164 822 requiras,
1229 771 1252 811 το

391 830 535 897 Anterum,
554 832 583 883 et
601 828 723 881 subolem
742 833 866 882 armento
887 830 986 883 sortire
1005 829 1178 897 quotannis.

424 905 450 957 N
453 922 483 959 ee
501 922 555 959 non
573 908 603 959 et
620 905 712 974 pecori
730 912 775 960 est
792 905 867 959 idem
889 906 1013 960 delectus
1031 907 1138 975 equino.

389 981 431 1034 'l'u
448 982 537 1050 modo,
556 998 625 1050 quos
642 981 670 1033 in
689 998 766 1051 spem
786 986 893 1037 statues
913 982 1076 1037 submittere
1093 984 1193 1051 gentis,

390 1058 569 1127 Praecipuum
588 1059 641 1113 iam
660 1060 725 1114 inde
744 1078 761 1114 a
779 1061 883 1114 teneris
902 1061 1020 1129 inpendo
1038 1060 1168 1114 laborem.

389 1135 524 1190 Continuo
542 1137 647 1203 pecoris
666 1138 792 1205 generosi
811 1138 903 1207 pullus
921 1137 949 1190 in
968 1137 1039 1190 arsis
1227 1149 1251 1188 rs

389 1211 481 1267 Altius
499 1212 661 1281 ingreditur,
682 1219 711 1267 et
729 1214 822 1267 mollia
841 1230 921 1267 crura
939 1213 1064 1281 reponit;

389 1285 497 1341 Primus
515 1291 544 1341 et
562 1288 602 1344 ire
620 1291 691 1343 viam
709 1294 739 1344 et
756 1289 853 1345 fluvios
872 1293 1011 1358 temptare
1030 1288 1145 1341 minaeis

389 1363 485 1417 Audet
503 1368 531 1418 et
549 1365 643 1433 ignoto
663 1384 724 1421 sese
743 1368 917 1421 committere
935 1366 1020 1437 ponti,

388 1438 446 1492 Nee
464 1457 546 1494 vanos
564 1442 659 1496 horret
677 1445 819 1512 strepitus.
858 1443 1009 1498 Illi'ardua
1027 1440 1127 1507 cervix,

389 1516 582 1585 Argutumque
600 1522 690 1586 eaput,
708 1519 801 1573 brevis
821 1520 905 1587 alvia,
926 1518 1063 1585 obesaque
1082 1519 1169 1583 terga,
1226 1529 1250 1569 ao

388 1589 575 1661 Luxuriatque
593 1594 661 1647 toris
680 1596 833 1649 animosum
851 1600 956 1665 peetus.
994 1591 1114 1646 Honesti

387 1664 518 1734 Spadiees
534 1668 686 1738 glancique,
706 1671 778 1726 color
798 1672 963 1726 deterrimus
982 1668 1051 1723 albis

386 1741 423 1796 Et
440 1745 518 1812 gilvo.
555 1746 632 1815 Tunr,
650 1747 673 1801 si
692 1765 747 1817 qua
766 1765 862 1802 sonum
880 1747 975 1817 procul
995 1761 1071 1798 arma
1089 1742 1201 1813 dedere,

387 1819 467 1874 Stare
484 1820 542 1896 loeo
561 1824 655 1892 nescit,
674 1825 757 1879 micat
777 1824 890 1879 auribus
908 1828 938 1878 et
956 1821 1054 1878 tremit
1071 1823 1156 1887 artus,

387 1893 594 1967 Oolleetumque
613 1899 733 1955 fremens
751 1901 836 1955 volvit
855 1900 906 1954 sub
924 1898 1037 1953 naribus
1053 1896 1154 1964 ignem.
1226 1909 1250 1947 as

386 1968 478 2025 Densa
495 1973 566 2040 iuba,
586 1979 615 2029 et
634 1975 732 2030 dextro
751 1977 853 2032 iactata
873 1974 1012 2031 recumbit
1030 1974 1058 2027 iu
1076 1988 1168 2042 armo;

388 2047 428 2100 At
446 2047 547 2117 duplex
565 2052 656 2118 agitur
673 2068 723 2121 per
741 2052 849 2107 lumbos
868 2053 947 2121 spina
957 2072 964 2117 ;
982 2053 1116 2118 cavatque

386 2121 523 2178 Tellurem
542 2130 571 2180 et
589 2128 675 2182 solido
693 2130 816 2197 graviter
835 2133 913 2183 senat
931 2126 1035 2197 ungula
1052 2141 1144 2180 cornu.

386 2197 459 2251 Talis
478 2200 617 2271 Amyclaei
636 2206 758 2259 domitus
778 2206 896 2260 Pollucis
917 2204 1031 2258 habenis

386 2273 515 2343 Cyllarus,
533 2281 569 2346 et,
588 2296 706 2348 quorum
725 2281 801 2335 Graii
821 2282 972 2335 meminere
991 2280 1097 2347 poetae,
1226 2288 1251 2327 ⁹⁰

386 2349 484 2406 Martis
503 2355 568 2422 equi
586 2355 700 2425 biiuges,
721 2361 750 2412 et
768 2358 862 2425 magni
881 2373 978 2411 currus
997 2351 1114 2408 Achilli:

386 2424 459 2480 Talis
476 2433 505 2484 et
522 2430 582 2500 ipse
600 2432 693 2487 iubam
712 2434 818 2487 cervice
838 2433 938 2487 effudit
956 2430 1056 2500 equina

386 2502 514 2573 Coniugis
533 2508 654 2562 adventu
671 2510 769 2577 pernix
788 2510 934 2576 Saturnus,
955 2511 985 2561 et
1003 2505 1091 2560 altum

386 2577 479 2633 Pelion
497 2582 605 2638 hinnitu
623 2585 730 2652 fugiens
748 2585 865 2653 inplevit
882 2587 971 2637 acuto.
990 2644 992 2647 ,
1056 2621 1062 2632 1

343 2667 346 2673 ·
420 2655 502 2710 Hune
521 2676 638 2727 quoque,
656 2660 703 2714 ubi
722 2664 770 2715 aut
784 2661 880 2714 morbo
894 2659 988 2728 mavis
1004 2660 1052 2712 aut
1067 2657 1122 2710 iam
1139 2656 1250 2725 segnior

454 2733 530 2785 annis
1225 2747 1249 2787 ao

384 2797 491 2874 Deficit,
510 2808 583 2864 abde
601 2809 690 2877 dome,
707 2826 758 2864 neo
776 2812 853 2880 turpi
870 2812 983 2879 ignosm
1001 2812 1147 2865 senectae:

385 2880 513 2949 Frigidus
531 2884 560 2937 in
579 2884 716 2939 Venerem
734 2886 834 2955 senior,
852 2887 1014 2956 frustraque
1031 2884 1154 2939 laborem

385 2957 531 3026 Ingratum
550 2960 650 3027 trahit;
667 2965 704 3029 et,
719 2962 742 3015 si
761 2963 871 3031 quando
890 2964 926 3018 ad
943 2961 1050 3032 proelia
1066 2964 1181 3015 sentum
1199 2963 1250 3028 est,

384 3028 425 3088 Ut
443 3036 581 3103 quondam
600 3036 628 3089 in
646 3038 756 3106 stipulIs
774 3055 890 3107 magnus
909 3040 968 3094 siue
988 3037 1093 3092 viribus
1110 3035 1189 3104 ignis,

385 3109 527 3166 Incassum
546 3113 621 3166 furit.
657 3113 731 3182 Ilrgo
748 3115 854 3168 animos
872 3107 1159 3184 aevumquenotabis
1215 3125 1252 3165 ιω

385 3186 552 3257 Praecipue;
570 3189 634 3243 hine
652 3190 719 3243 alias
737 3191 811 3258 artis,
832 3192 995 3260 prolemque
1013 3192 1168 3259 parentum,

385 3261 422 3316 Et
439 3266 501 3332 quis
521 3265 618 3336 cuique
637 3266 714 3320 dolor
733 3267 813 3334 victo,
833 3284 903 3336 quaa
921 3267 1009 3335 gloria
1027 3266 1143 3335 palmae.

383 3338 483 3394 Nonne
501 3343 585 3411 vides,
603 3359 665 3397 cum
683 3342 828 3412 praecipiti
846 3343 997 3397 certamine
1016 3356 1143 3410 eampum

372 3413 544 3484 Corripuere
562 3423 712 3491 ruuntque
727 3420 809 3474 effusi
826 3436 937 3474 earcere
948 3434 1054 3482 currus,

360 3484 431 3541 'ivm
452 3508 521 3561 spes
541 3502 676 3555 arrectae
696 3499 843 3566 iuvenum,
863 3494 1091 3558 exsultantiaque
1101 3489 1204 3541 nauhu
1226 3502 1266 3538 aa

377 3563 447 3619 mis
463 3585 564 3637 ravat
580 3576 731 3645 pmansr
770 3576 825 3633 nn
839 3574 958 3630 anua
974 3566 1100 3622 verses
1114 3561 1196 3613 nen
