3242 4159
631 518 815 570 AENEIDOS
831 519 903 571 LIB.
921 519 971 569 IV.
1178 522 1224 568 149

367 606 434 672 lpse
451 602 520 656 haec
536 602 609 657 ferre
625 600 704 656 iubet
721 601 818 655 celeris
834 600 966 656 mandata
982 618 1033 671 per
1049 616 1144 657 auras:
1190 614 1226 655 ara

368 680 442 744 Quid
460 678 559 733 sturia?
579 681 627 733 aut
645 694 700 747 qna
717 694 766 747 spe
784 677 891 745 Libyeis
907 678 976 732 teris
994 679 1051 733 otia
1067 677 1167 733 terrisl

366 756 397 811 Si
414 759 444 809 te
462 754 537 819 nulla
553 757 646 809 movet
663 756 803 808 tantarum
821 753 908 821 gloria
925 771 1019 809 rerum

365 832 429 887 Nec
447 847 528 899 super
545 831 606 901 ipse
623 834 672 884 tua
689 830 792 883 moliris
809 829 892 884 laude
909 831 1037 899 laborem,

366 908 518 964 Ascanium
536 909 694 976 surgentem
713 909 743 960 et
760 922 823 975 spes
840 905 949 961 heredis
967 907 1021 961 Iuli

367 984 496 1053 Respice,
515 984 558 1037 cui
575 1000 690 1050 regnum
709 982 809 1035 Italiae
827 981 1005 1051 Romanaque
1022 982 1105 1039 tellus
1191 995 1229 1038 ars

364 1060 520 1115 Debentur.
557 1058 615 1112 Tali
635 1057 772 1126 Cyllenius
788 1074 836 1111 ore
853 1058 960 1113 locutus

366 1135 496 1190 Mortalis
513 1134 587 1188 visus
603 1132 695 1187 medio
713 1150 837 1187 sermone
855 1133 974 1203 reliquit,

363 1212 407 1266 Et
424 1210 520 1281 procul
537 1211 566 1263 in
583 1213 694 1265 tenuem
712 1226 747 1263 ex
764 1209 849 1263 oculis
866 1210 976 1264 evanuit
993 1226 1095 1265 auram.

404 1289 446 1342 At
463 1304 528 1342 vere
547 1288 657 1341 Aeneas
674 1288 787 1355 aspectu
804 1284 942 1340 obmutuit
959 1302 1060 1351 amens,

367 1365 561 1432 Arrectaeque
572 1363 686 1416 horrore
697 1378 799 1429 comae,
811 1364 841 1415 et
853 1378 906 1414 vox
916 1362 1039 1416 faucibus
1051 1361 1147 1415 haesit.
1192 1376 1229 1415 asu

369 1439 464 1494 Ardet
482 1438 558 1493 abire
575 1439 641 1506 iuga
658 1437 799 1505 dulcisque
816 1436 971 1506 relinquere
987 1440 1083 1503 terras,

370 1515 524 1569 Attonitus·
535 1517 614 1569 tanto
631 1513 737 1568 monitu
753 1512 914 1581 inperioque
933 1513 1053 1567 deorum.

370 1591 436 1646 Heu
454 1589 523 1660 quid
540 1592 623 1660 agatl
642 1606 697 1658 quo
715 1605 787 1642 nune
804 1589 928 1657 reginam
944 1588 1049 1644 ambire
1066 1592 1204 1642 furentem

370 1666 485 1721 Audeat
503 1665 615 1721 adfatul
634 1682 705 1734 quae
721 1665 810 1734 prima
827 1666 940 1719 exordia
957 1666 1064 1720 sumatl
1146 1679 1153 1690 ·
1191 1660 1200 1678 ⁰

370 1743 469 1811 Atque
480 1742 601 1795 animum
612 1757 684 1794 nune
694 1741 748 1794 huc
759 1741 885 1809 celerem,
897 1758 969 1794 nunc
981 1740 1079 1793 dividit
1089 1741 1160 1801 illuc,
1191 1754 1228 1792 aas

371 1818 407 1871 ln
423 1818 565 1886 partisque
583 1818 655 1885 rapit
673 1817 761 1869 varias
779 1832 883 1884 perque
900 1817 991 1871 omnia
1007 1818 1106 1870 versat.

371 1894 450 1949 Haec
468 1893 615 1947 alternanti
632 1893 722 1961 potior
740 1892 877 1947 sententia
893 1892 952 1946 visa
969 1896 1025 1947 est:

370 1969 519 2024 Mnesthea
537 1969 753 2038 Sergestumque
770 1970 851 2023 vocat
868 1968 1022 2036 fortemque
1040 1967 1187 2033 Serestum,

371 2044 494 2100 Classem
512 2048 609 2114 aptent
625 2046 704 2099 taciti
722 2044 862 2113 sociosque
880 2044 917 2099 ad
934 2045 1015 2099 litora
1031 2048 1136 2113 cogant,

372 2122 461 2176 Arma
478 2123 585 2191 parent,
603 2123 639 2188 et,
658 2137 729 2189 quae
746 2120 830 2174 rebus
848 2121 885 2174 sit
902 2137 997 2174 caussa
1013 2120 1152 2188 novandis,
1195 2132 1232 2172 aaa

371 2196 569 2261 Dissimulent;
585 2212 647 2270 ¹sese
665 2197 777 2264 interea,
796 2196 905 2264 quando
923 2200 1035 2265 optuma
1053 2195 1126 2249 Dido

371 2272 398 2327 N
400 2273 486 2327 esciat
503 2276 533 2327 et
551 2274 645 2325 tantos
662 2272 752 2339 rumpi
769 2287 825 2324 non
842 2276 935 2339 speret
953 2288 1067 2338 amores,

371 2348 583 2419 Temptaturum
601 2347 702 2415 aditus,
720 2351 750 2401 et
768 2363 838 2416 quae
856 2347 1013 2403 mollissima
1030 2345 1107 2401 fandi

371 2424 514 2494 Tempora,
533 2424 595 2493 quis
612 2423 694 2477 rebus
712 2423 811 2478 dexter
828 2422 931 2479 modus
968 2422 1051 2475 Ocius
1068 2437 1162 2475 omnes

372 2500 485 2571 Inperio
502 2501 568 2555 laeti
585 2502 685 2569 parent
701 2516 733 2553 ac
749 2499 823 2553 iussa
839 2499 984 2553 facessunt.
1067 2549 1069 2551 .
1194 2511 1230 2549 ms

407 2576 449 2630 At
467 2574 563 2643 regina
580 2574 754 2644 dolos—quis
770 2574 867 2628 fallere
884 2574 971 2643 possit
988 2573 1178 2629 emanant-

372 2650 539 2720 Praesensit‚
556 2654 703 2720 motusque
722 2649 831 2718 excepit
848 2650 936 2718 prima
952 2650 1068 2714 futuros,

372 2726 473 2781 Omnia
489 2731 552 2783 tuta
570 2728 677 2781 timens,
714 2726 819 2781 Eadem
836 2726 921 2795 impia
938 2726 1023 2781 Fama
1039 2724 1143 2779 furenti

371 2803 482 2858 Detulit
500 2803 600 2857 armari
617 2803 731 2856 classem
749 2819 914 2872 cursumque
931 2801 1033 2872 parari.

372 2879 468 2934 Saevit
484 2879 562 2947 inops
580 2878 671 2946 animi,
689 2882 833 2949 totamque
850 2879 961 2933 incensa
978 2894 1028 2946 per
1045 2876 1142 2930 urbem
1194 2890 1231 2929 am

371 2954 535 3022 Bacchatur,
554 2954 642 3022 qualis
659 2956 801 3028 qommotis
820 2954 910 3009 excita
927 2954 1012 3008 sacris

372 3031 480 3100 Thyias,
497 3032 544 3085 ubi
561 3032 656 3087 audito
675 3032 817 3086 stimulant
835 3030 975 3086 trieterica
993 3027 1101 3083 Baccho

372 3106 460 3175 Orgia
476 3111 681 3176 nocturnusque
698 3111 778 3161 vocat
795 3108 914 3161 elamore
933 3105 1088 3159 Cithaeron.

372 3183 496 3237 Tandem
514 3183 557 3235 his
576 3184 690 3237 Aenean
708 3183 853 3251 compellat
870 3180 981 3235 vocibus
996 3179 1084 3233 ultro:

410 3257 589 3313 Dissimulare
608 3259 691 3312 etiam
709 3258 835 3327 sperasti,
852 3257 965 3326 perfide,
982 3257 1091 3308 tantum
1194 3268 1231 3308 aas

374 3334 460 3389 Posse
477 3335 562 3403 nefas,
579 3335 734 3405 tacitusque
751 3350 813 3389 mea
830 3331 966 3388 decedere
983 3331 1077 3385 terral

369 3410 433 3463 Nee
449 3413 478 3463 te
493 3413 590 3464 noster
605 3428 691 3482 amer,
708 3428 762 3468 nec
778 3413 811 3469 te
830 3409 901 3469 data
916 3408 1041 3466 nexura
1055 3409 1216 3475 limma

357 3482 422 3566 Nec
435 3485 572 3570 mqritura
591 3491 673 3547 tenet
690 3491 805 3548 crudeli
824 3492 930 3549 funere
945 3486 1049 3545 uiuat

355 3551 423 3609 Qum
441 3560 528 3613 otram
547 3560 676 3624 hiberno
693 3571 815 3630 moliris
835 3572 939 3632 auare
957 3568 1103 3627 clasem*
