3242 4159
369 532 417 578 :312
598 522 626 570 P.
647 519 800 569 VERGILI
819 518 987 567 MARONIS

368 605 457 660 Obliti
475 604 568 671 ignoto
585 617 741 671 camporum
759 600 788 654 in
806 599 918 669 pulvere
935 598 1080 667 linquunt;

370 682 437 750 Opis
456 680 493 733 ad
510 678 663 732 aetherium
681 677 778 747 pennis
795 677 921 729 aufertur
939 674 1095 743 Olympum.
1119 717 1123 724 .

404 755 497 809 Prima
515 754 592 821 fugit,
612 752 721 805 domina
739 752 846 819 amissa,
865 751 933 804 lovis
951 752 995 805 ala
1014 752 1162 816 Caniillae;

369 825 483 886 Turbati
501 832 611 899 fugiunt
630 828 734 898 Rutuli,
753 829 824 897 fugit
842 846 905 883 acer
924 829 1033 897 Atinas,

370 908 542 976 Disiectique
560 907 644 961 duces
663 905 834 973 desolatique
851 904 964 973 manipli
1187 918 1217 959 aa

371 984 565 1055 'l'utapetunt
584 989 613 1036 et
631 982 708 1051 cquis
726 981 816 1035 aversi
833 981 870 1034 ad
887 980 996 1034 moenia
1013 982 1139 1037 tendunt

371 1060 430 1113 Nec
450 1060 593 1128 quisquam
611 1057 740 1111 instantis
759 1058 878 1111 Teucros
895 1056 1039 1124 letumque
1057 1057 1169 1112 ferentis

373 1138 535 1191 Sustentare
554 1134 627 1188 valet
644 1134 716 1202 telis,
735 1136 784 1188 aut
802 1134 900 1187 sistere
918 1136 1029 1199 contra,

369 1211 425 1266 Sed
442 1211 519 1264 laxos
537 1211 662 1264 referrmt
679 1210 801 1263 humeris
819 1208 1017 1277 languentibus
1035 1226 1124 1278 arcus,

371 1286 641 1357 Quadrupedumque
653 1290 764 1355 putrem
776 1302 858 1340 cursu
875 1286 966 1353 quatit
981 1286 1085 1353 ungula
1096 1302 1218 1355 campum
1261 1344 1263 1353 ¹

370 1362 499 1418 Volvitur
517 1363 553 1417 ad
571 1380 664 1417 muros
682 1362 798 1431 caligine
816 1361 945 1415 turbidus
962 1364 1025 1415 atra
1188 1376 1219 1415 ero

370 1438 472 1509 Pulvis,
491 1443 521 1494 et
539 1456 555 1494 e
574 1439 690 1508 speculis
707 1454 854 1507 percussae
872 1440 987 1514 pectora
1004 1440 1110 1493 matres

370 1515 531 1569 Femineum
549 1515 694 1569 clamorem
713 1515 749 1567 ad
767 1513 836 1567 caeli
855 1513 946 1567 sidera
963 1513 1074 1569 tollunt.

371 1590 424 1655 Qui
444 1608 524 1645 cursu
542 1595 636 1659 portas
654 1591 735 1660 primi
754 1591 884 1659 inrupere
901 1590 1031 1659 patentis,

370 1667 431 1722 Hos
449 1667 559 1721 inimica
577 1684 659 1735 super
677 1667 764 1721 mixto
782 1666 885 1735 premit
904 1666 1012 1733 agmine
1029 1666 1129 1732 turba;
1189 1675 1221 1714 ⁸³⁰

369 1742 429 1797 Nec
447 1743 574 1797 miseram
593 1742 728 1811 effugiunt
745 1745 871 1810 mortem,
890 1741 941 1795 scd
958 1741 1053 1795 limine
1071 1742 1176 1812 inipso

368 1815 514 1873 Moenibus
531 1819 559 1873 iu
576 1819 674 1888 patriis
691 1821 776 1888 atque
793 1817 868 1871 inter
885 1821 947 1871 tuta
964 1816 1110 1872 domorum

368 1893 478 1948 Oonfixi
497 1896 638 1963 exspirant
656 1894 767 1949 animas.
805 1894 874 1947 Pars
892 1893 1020 1947 claudere
1037 1898 1149 1961 portas3

368 1968 394 2024 N
396 1986 426 2023 ec
445 1971 525 2024 sociis
543 1971 652 2040 aperire
670 1971 750 2039 viam,
767 1986 818 2024 nec
835 1968 979 2025 moenibus
997 1969 1103 2024 audent

367 2045 502 2114 Accipere
520 2048 638 2111 orantis;
657 2045 800 2115 oriturque
817 2045 971 2099 miserrima
987 2045 1088 2099 caedes
1190 2062 1222 2100 aas

368 2120 570 2174 Defendentum
590 2123 673 2174 armis
692 2122 792 2191 aditus,
811 2122 895 2191 inque
914 2138 991 2175 arma
1008 2126 1147 2178 ruentum.

367 2195 477 2249 Exclusi
495 2200 560 2249 ante
579 2198 669 2250 oculos
687 2197 936 2266 lacrimantumque
952 2214 1000 2250 ora
1016 2202 1165 2266 parentum

368 2272 436 2326 Pars
455 2271 483 2325 in
501 2272 661 2343 praecipitis
680 2274 766 2328 fossas
785 2277 922 2342 urguente
939 2274 1018 2327 ruina

368 2346 502 2418 Volvitur,
521 2350 639 2404 inmissis
657 2367 721 2420 pars
740 2367 820 2405 caeca
838 2354 868 2404 et
885 2351 991 2404 concita
1008 2350 1095 2405 frenis

369 2426 481 2481 Arietat
499 2427 527 2479 in
546 2431 639 2496 portas
659 2431 687 2482 et
706 2427 789 2481 duros
809 2426 896 2480 obiice
914 2426 1007 2496 postis.
1192 2442 1225 2480 sao

370 2501 448 2569 Ipsae
468 2502 504 2556 de
522 2504 608 2557 muris
627 2520 732 2558 summo
752 2503 902 2558 certamino
918 2505 1064 2569 matres,—

367 2574 505 2631 Monstret
523 2595 599 2632 amor
617 2597 698 2634 verus
716 2579 891 2649 patriae-ut
909 2578 1004 2634 videre
1024 2578 1177 2650 Camillam,

367 2650 432 2705 Tela
449 2670 531 2707 mauu
550 2656 676 2725 trepidae
694 2655 804 2723 iaciunt,
824 2672 856 2709 ac
873 2654 971 2708 robore
990 2654 1059 2707 duro

367 2725 514 2795 Stipitibus
533 2730 637 2783 ferrum
657 2732 827 2802 sudibusque
844 2732 988 2785 imitantur
1005 2730 1112 2785 obustis

368 2801 544 2871 Praecipites,
557 2805 718 2874 primaeque
731 2808 800 2860 mori
812 2824 863 2876 pro
875 2806 1018 2881 moenibus
1030 2806 1139 2864 ardent.
1192 2824 1227 2862 sos

402 2878 514 2933 Interea
533 2880 654 2934 Turnum
671 2882 700 2935 in
719 2883 794 2936 silvis
815 2884 990 2937 saevissimus
1007 2883 1096 2951 inplet

367 2953 494 3025 Nuntius,
513 2961 542 3011 et
559 2956 650 3011 iuveni
668 2958 810 3027 ingentem
828 2960 885 3016 fert
904 2960 978 3014 Acca
995 2959 1166 3014 tumultum:

367 3029 479 3087 Deletae
502 3033 660 3088 Volscorum
680 3035 759 3104 acies,
777 3036 910 3089 cecidisse
929 3035 1081 3101 Camillam,

367 3106 501 3176 Ingruere
520 3111 640 3164 infensos
658 3111 752 3179 hostis,
772 3115 801 3165 ot
820 3112 912 3165 Marte
931 3110 1049 3165 secundo

367 3180 466 3237 Omnia
482 3186 653 3255 corripuisse,
672 3190 777 3243 motum
796 3187 850 3241 iam
868 3186 905 3239 ad
922 3186 1030 3242 moenia
1046 3186 1125 3242 ferri.
1191 3202 1228 3241 eoo

366 3256 418 3312 Ille
436 3260 593 3315 furens-et
612 3279 692 3317 saeva
711 3263 785 3317 Iovis
803 3263 842 3316 sic
859 3263 970 3316 numina
987 3266 1134 3332 poscunt-

366 3328 478 3390 Deserit
495 3336 621 3391 obsessos
639 3339 722 3404 collis,
740 3356 852 3393 nemora
869 3356 967 3408 aspera
984 3338 1091 3407 linquit.

366 3404 417 3465 Vir
433 3429 451 3468 e
467 3416 620 3485 conspeetu
639 3414 748 3472 exierat
766 3431 950 3485 campumque
963 3414 1091 3477 tenebat,

344 3482 415 3545 011111
431 3496 525 3564 pater
544 3496 671 3567 Aeneas,
694 3492 788 3551 saltus
805 3490 953 3560 ingressus
968 3490 1096 3551 susm,

333 3553 563 3652 mnusque
579 3576 690 3647 iugum
714 3572 851 3640 silvaque
868 3561 972 3621 evab'it
989 3572 1089 3621 cmm·
1226 3569 1264 3603 W
