3242 4159
656 529 839 580 AENEIDOS
861 531 931 583 LIB.
956 531 1006 584 VI.
1203 540 1250 588 185

393 614 467 668 'ihm
485 609 597 667 Phoebo
613 612 644 666 et
661 609 769 665 'l'riviae
787 610 875 666 solido
892 612 929 667 de
946 628 1088 669 marmore
1104 617 1241 685 templum

393 689 554 753 Instituam,
571 687 713 756 festosque
731 687 790 740 dies
805 687 841 740 de
859 689 969 743 nomine
988 690 1100 745 Phoebi.
1227 707 1252 747 ro

392 765 434 819 'le
453 780 563 833 quoque
581 780 681 831 magna
698 767 811 817 manent
828 765 921 832 regnis
938 768 1091 835 penetralia
1107 770 1214 825 nostris

393 841 451 895 Hic
467 856 519 909 ego
535 856 654 909 namque
671 843 733 893 tuas
751 842 840 894 sortes
857 856 1010 911 arcanaque
1026 843 1091 909 fata,

392 916 478 971 Dicta
495 932 574 970 meae
590 915 676 983 genti,
694 932 800 985 ponam,
820 916 961 986 lectosque
978 919 1098 987 sacrabo,

393 993 486 1061 Alma,
503 992 584 1047 viros.
621 991 705 1048 Foliis
722 994 832 1046 tantum
849 1009 884 1047 ne
901 995 1022 1048 carmina
1039 995 1146 1065 manda,

391 1070 439 1123 Ne
456 1068 569 1123 turbata
586 1068 679 1123 volent
696 1068 800 1137 rapidis
818 1069 938 1124 ludibria
955 1072 1059 1137 rentis3
1226 1086 1251 1131 ss

393 1146 461 1214 Ipsa
479 1160 559 1199 cenas
577 1161 633 1199 oro.
671 1144 767 1199 Ilinem
786 1144 866 1199 dedit
884 1162 933 1200 ore
950 1146 1087 1216 loquendi

429 1222 478 1289 At,
497 1220 602 1275 Phoebi
619 1221 739 1275 nondum
756 1221 873 1291 patiens,
891 1222 1007 1277 inmanis
1025 1225 1053 1277 in
1070 1227 1150 1279 antm

391 1297 550 1352 Bacchatur
566 1299 652 1365 vates,
670 1313 800 1365 magnum
819 1298 843 1350 si
860 1302 973 1366 pectore
990 1300 1077 1367 possit

391 1374 553 1428 Excussisse
570 1373 668 1440 deum;
688 1377 767 1428 tanto
784 1374 873 1442 magis
890 1374 936 1433 ille
953 1375 1051 1444 fatigat

391 1449 433 1503 Os
444 1449 579 1518 rabidum,
591 1450 650 1504 fera
662 1449 747 1505 corda
758 1449 881 1518 domans,
893 1451 1029 1523 fingitque
1040 1454 1198 1521 premendo.
1221 1465 1247 1505 so

391 1525 473 1580 Ostia
489 1526 600 1595 iamque
618 1526 715 1580 domus
733 1529 849 1595 patuere
867 1526 990 1595 ingentia
1006 1531 1116 1582 centum

391 1602 497 1672 Sponte
514 1618 570 1671 sua,
588 1601 714 1671 vatisque
731 1603 825 1657 lerunt
842 1619 972 1669 responsa
988 1620 1040 1672 per
1056 1619 1149 1658 aurasr

390 1678 417 1732 Ο
434 1677 549 1733 tandem
565 1678 672 1746 magnis
689 1678 781 1747 pelagi
799 1677 929 1733 defuncte
946 1680 1068 1748 periclis!

390 1754 449 1809 Sed
466 1757 560 1809 terrae
575 1754 702 1823 graviora
719 1758 838 1809 manent.
876 1756 911 1808 In
928 1772 1014 1824 regna
1031 1755 1127 1809 Lavini

390 1829 569 1885 Dardanidae
580 1830 706 1897 venient;
725 1831 806 1885 mitte
818 1830 888 1885 hanc
900 1831 936 1885 de
948 1834 1061 1899 pectore
1072 1846 1180 1894 curam;
1221 1843 1246 1883 se

390 1907 448 1962 Sed
466 1923 520 1960 non
539 1906 693 1961 sevenisse
710 1906 809 1961 volent.
846 1906 932 1975 Bella,
950 1906 1062 1960 horrida
1078 1905 1157 1971 bella,

390 1983 429 2037 Et
447 1980 579 2049 Thybrim
597 1982 685 2037 multo
703 1985 876 2051 spumantem
895 1983 1026 2053 sanguine
1043 1998 1131 2037 cerno

389 2058 418 2113 N
419 2074 454 2113 on
472 2058 572 2113 Simois
589 2058 650 2128 tibi,
669 2075 719 2113 nec
737 2059 872 2129 Xanthus,
891 2076 943 2115 nec
961 2059 1062 2113 Dorica
1078 2062 1168 2113 eastra

389 2134 553 2201 Defuerint3
571 2135 641 2190 alitis
659 2136 740 2190 Latio
757 2136 813 2190 iam
830 2139 926 2205 pentus
944 2136 1075 2205 Achilles,

389 2210 481 2264 Natus
499 2210 606 2280 etipse
624 2210 691 2277 dea3
709 2228 759 2265 neo
777 2212 889 2267 Teucris
906 2213 1003 2267 addita
1020 2212 1090 2265 Iuno
1221 2226 1245 2267 eo

389 2285 517 2355 Usquam
534 2286 639 2353 aberit3
659 2304 721 2341 cum
739 2291 771 2342 tu
789 2288 905 2356 supplex
921 2289 951 2341 in
969 2287 1052 2342 rebus
1069 2287 1164 2355 egenis

390 2362 574 2431 ennagonus
593 2364 694 2417 Italum
712 2366 762 2418 aut
779 2380 848 2431 quae
865 2381 920 2418 non
936 2364 1057 2417 oraveris
1073 2362 1170 2416 urbes!

389 2438 495 2493 Caussa
512 2438 576 2493 mali
593 2440 665 2513 tanti
683 2439 800 2493 coniunx
817 2439 919 2493 iterum
937 2438 1046 2505 hospita
1063 2438 1174 2491 'leucris

388 2513 563 2584 Externique
580 2514 682 2570 iterum
700 2515 823 2570 thalami.

388 2590 432 2644 'l'u
448 2606 485 2644 ne
502 2590 570 2645 cede
587 2591 673 2659 malis,
694 2591 744 2646 sed
761 2594 858 2646 contra
875 2590 1022 2645 audentior
1039 2590 1087 2657 ito,
1220 2605 1245 2643 oo

389 2664 480 2729 Quam
497 2668 547 2720 tua
562 2670 593 2722 te
611 2667 735 2722 Fortuna
752 2669 831 2722 sinet
868 2666 922 2720 Via
938 2667 1028 2735 prima
1045 2665 1148 2733 salutis,

388 2740 472 2807 Quod
489 2741 600 2796 minime
618 2743 695 2811 reris,
714 2744 798 2798 Graia
815 2742 954 2813 pandetur
972 2742 1008 2797 ab
1024 2742 1100 2797 urbe.

424 2816 537 2872 Talibus
555 2834 590 2872 ex
608 2818 691 2887 adyto
709 2819 790 2873 dictis
809 2820 928 2887 Cymaea
945 2818 1048 2889 Sibylla

387 2893 553 2948 Horrendus
571 2894 645 2949 canit
662 2894 793 2964 ambages
810 2899 947 2965 antroque
965 2896 1092 2964 remugit,

387 2969 522 3023 Obsonia
539 2986 605 3025 vera
621 2970 775 3026 involvens:
796 2987 830 3026 ea
846 2972 926 3026 frena
942 2970 1044 3025 furenti
1208 2982 1245 3023 100

387 3045 526 3114 concutit,
543 3049 574 3099 et
590 3045 715 3101 stimulos
733 3045 785 3100 sub
801 3050 914 3115 pectore
932 3047 1017 3100 vertit
1035 3045 1142 3115 Apollo.

386 3121 429 3175 Ut
446 3120 567 3189 primum
583 3122 666 3176 cessit
683 3122 760 3176 furor
776 3126 806 3177 et
822 3121 921 3175 rabida
937 3138 986 3176 ora
1003 3121 1139 3190 qnienmt,

387 3196 493 3265 Incipit
511 3196 622 3251 Aeneas
639 3197 734 3253 heros:
754 3198 817 3251 Non
835 3197 892 3252 ulla
908 3196 1042 3265 laborum,

386 3272 413 3326 Ο
431 3272 517 3341 virgo,
534 3288 604 3327 nova
621 3273 660 3327 mi
677 3274 761 3328 facies
778 3274 923 3343 inopinave
940 3273 1043 3342 snrgit;

387 3348 489 3403 Omnia
505 3349 634 3417 praecepi
651 3352 736 3419 atque
753 3349 844 3404 animo
861 3364 970 3404 mecum
987 3351 1051 3403 ante
1068 3345 1169 3417 peregi
1206 3360 1244 3402 loe

386 3424 479 3477 Unum
496 3440 559 3479 oro:
577 3425 690 3493 quando
707 3426 754 3483 hic
771 3425 876 3483 inferni
890 3426 978 3483 ianua
991 3424 1072 3495 regis

369 3496 487 3549 DicItor
502 3501 535 3552 et
553 3501 708 3561 tenebrosa
724 3506 810 3577 palus
832 3506 1006 3565 Acheronte
1019 3502 1135 3566 raihtos

359 3566 412 3617 1²⁶
427 3570 469 3621 sd
484 3581 678 3642 conspectum
697 3584 761 3641 ari
781 3586 935 3658 genitoris
953 3588 988 3642 a
1006 3597 1063 3638 on
