3242 4159
382 527 413 573 ul
611 525 642 574 Ρ.
660 524 815 573 VERGILI
832 523 998 574 MARONIS

382 609 479 661 Inoute
496 608 550 661 vim
568 608 656 660 ventis
675 607 883 675 submersasque
902 608 988 663 obrue
1005 608 1113 679 puppis,

382 687 441 738 Aut
459 702 509 750 age
527 684 648 736 diversos
666 688 695 736 et
713 683 805 737 disiice
823 701 937 752 corpora
955 689 1046 754 ponto.
1219 702 1246 745 ro

382 762 451 815 Sunt
469 760 534 812 milri
552 760 594 811 bis
613 763 718 827 septem
736 761 890 829 praestanti
907 777 1020 829 corpore
1038 761 1195 833 Nymphae,

383 838 503 901 Quarum
522 853 590 904 quae
608 836 696 887 forma
713 835 897 903 pulcherrima
915 836 1043 905 Deiopea,

382 912 522 968 Counubio
540 912 651 978 iungam
670 911 761 963 stabili
779 912 971 980 propriamque
990 912 1094 982 dicabo,

382 989 477 1043 Omnis
495 992 526 1041 ut
544 992 634 1041 tecum
652 988 757 1041 moritis
775 1004 826 1055 pro
844 987 945 1041 talibus
964 1005 1048 1041 annos

382 1064 483 1133 Exiget
501 1069 530 1119 et
547 1063 660 1133 pulchra
677 1064 759 1117 faeiat
776 1067 805 1116 te
824 1062 901 1131 prole
918 1068 1067 1133 parentem.
1216 1083 1243 1121 75

418 1142 522 1195 Aeolus
539 1141 607 1193 haec
624 1143 733 1193 eontra:
753 1140 833 1206 Tuus,
853 1156 869 1191 o
887 1141 988 1207 regina,
1007 1140 1074 1209 quid
1092 1145 1181 1210 optes,

383 1216 533 1286 Explorare
550 1218 641 1281 labor;
658 1216 724 1269 mihi
741 1216 815 1268 iussa
832 1232 974 1284 capessere
990 1217 1032 1269 fas
1049 1220 1099 1270 est
1181 1216 1185 1224 '

383 1293 424 1347 Tu
441 1295 513 1360 milri,
532 1293 722 1363 quodcumque
739 1292 790 1344 hoc
808 1292 893 1358 regni,
911 1295 943 1345 tu
960 1295 1070 1360 sceptra
1087 1293 1241 1361 Iovemque

383 1370 524 1436 Concibas,
542 1369 574 1423 'tu
592 1369 641 1421 das
660 1368 746 1435 epulis
764 1368 924 1421 accumbere
942 1368 1040 1437 divom,

383 1445 598 1511 Nimborumque
616 1445 681 1496 facis
699 1447 948 1512 tempestatumque
965 1446 1111 1512 potentem.
1214 1460 1241 1500 so

419 1522 496 1575 Haec
513 1520 560 1574 ubi
578 1521 658 1587 dieta,
677 1537 771 1573 cavum
790 1536 921 1573 conversa
940 1520 1051 1589 cuspide
1068 1524 1191 1575 montem
1212 1515 1261 1571 'ab

383 1596 489 1666 Inpulit
505 1598 534 1650 in
552 1597 638 1650 latus:
658 1612 689 1649 ac
706 1596 788 1661 venti,
806 1596 882 1649 velut
900 1598 1008 1664 agmine
1024 1597 1102 1662 facto,

384 1674 444 1739 Qua
462 1675 528 1727 data
546 1676 633 1741 porta,
653 1675 736 1725 ruunt
754 1675 783 1724 et
801 1674 892 1724 terras
910 1671 1020 1725 turbine
1036 1672 1161 1735 perflant.
1208 1709 1210 1714 -

384 1750 536 1804 Incubuere
555 1749 631 1816 mari,
650 1749 829 1816 totumque'a
847 1748 957 1801 sedibus
974 1749 1034 1801 imis

383 1825 444 1878 Una
464 1827 606 1893 Eurusque
625 1825 769 1892 Notusque
787 1829 871 1876 ruunt
888 1824 1038 1894 creberque
1054 1824 1182 1885 procellis
1213 1840 1238 1879 se

384 1902 500 1965 Africus,
519 1905 548 1954 et
566 1904 658 1953 vastos
675 1900 786 1953 veliunt
804 1899 840 1951 ad
858 1900 938 1953 litora
955 1900 1060 1954 fluctus.

384 1976 543 2044 Insequitur
560 1976 714 2042 clamorque
732 1977 819 2029 virum
839 1977 994 2044 stridorque
1012 1977 1166 2032 rudentum.

383 2052 510 2120 Eripiunt
528 2051 619 2105 subito
637 2051 724 2104 nubes
743 2053 901 2120 caelumque
919 2053 1045 2121 diemque

383 2128 547 2180 Teucrorum
566 2144 599 2180 ex
619 2127 719 2193 oculis;
737 2132 822 2195 ponto
841 2146 894 2181 nox
912 2128 1023 2183 incubat
1040 2133 1105 2182 atra

384 2205 532 2256 Intonuere
550 2204 613 2272 poli,
632 2207 661 2256 et
678 2204 781 2257 crebris
799 2205 882 2257 micat
900 2205 1009 2272 ignibus
1027 2206 1129 2272 aether,
1214 2220 1239 2261 eo

384 2280 614 2347 l'raesenternque
632 2280 696 2332 viris
714 2280 853 2333 intentant
871 2282 960 2333 omnia
977 2285 1101 2334 mortem.

383 2356 527 2425 Extemplo
547 2359 658 2410 Aeneae
677 2356 821 2409 solvuntur
838 2357 940 2423 frigore
959 2356 1097 2421 membra;
1144 2360 1149 2371 '

383 2433 510 2503 ingemit,
528 2437 557 2488 et
575 2432 690 2502 duplicis
707 2434 826 2487 tendens
844 2434 880 2486 ad
899 2434 989 2487 sidera
1006 2433 1109 2503 palmas

383 2509 457 2563 Talia
474 2528 540 2565 voco
557 2511 656 2565 refert:
676 2511 699 2562 Ο
719 2514 817 2580 terque
837 2513 988 2578 quaterque
1005 2510 1088 2576 beati,

349 2649 352 2655 Ι
383 2585 449 2648 Quis
467 2591 530 2639 ante
549 2603 596 2638 ora
613 2591 723 2653 patrum
742 2587 838 2639 Troiae
857 2586 906 2638 sub
924 2585 1065 2638 moenibus
1084 2584 1147 2637 altis
1213 2598 1239 2637 95

383 2660 504 2726 Contigit
522 2660 664 2729 oppetere!
684 2678 699 2713 o
719 2661 843 2715 Danaum
861 2662 1008 2715 fortissime
1026 2661 1115 2724 gentis

382 2736 500 2803 Tydide!
520 2754 599 2788 meno
619 2736 709 2788 Iliacis
728 2738 889 2792 occumbere
907 2738 1008 2805 campis

382 2811 407 2864 N
410 2828 445 2864 on
462 2812 584 2879 potuisse
602 2815 704 2880 tuaque
723 2814 841 2866 animam
861 2814 930 2866 hanc
948 2813 1089 2866 effundere
1107 2812 1215 2880 dextra,

382 2886 483 2941 Saevus
500 2888 547 2940 ubi
567 2888 705 2941 Aeacidae
724 2890 780 2942 telo
799 2891 872 2944 iacet
891 2890 1004 2959 Hector,
1022 2888 1070 2942 ubi
1087 2889 1185 2955 ingens
1204 2906 1211 2923 =

382 2964 530 3033 Sarpedon,
549 2964 596 3017 ubi
614 2968 657 3019 tot
677 2965 774 3019 Simois
792 2970 920 3034 correpta
938 2966 989 3019 sub
1006 2966 1086 3018 undis
1203 2979 1241 3018 loo

381 3039 465 3094 Scuta
481 3041 568 3094 virum
586 3042 733 3112 galeasque
753 3047 782 3096 et
799 3043 883 3096 fortia
902 3059 1015 3110 corpora
1033 3041 1133 3095 volvitl

415 3117 490 3171 Talia
507 3118 621 3172 iactanti
639 3121 758 3173 stridens
780 3119 918 3187 Aquilone
935 3118 1054 3187 procella
1085 3138 1087 3142 ·

381 3192 481 3246 Velum
499 3196 615 3249 adversa
632 3197 705 3264 ferit,
725 3196 879 3264 fluctusque
898 3196 935 3249 ad
953 3195 1044 3248 sidera
1061 3193 1141 3247 tollit.
1185 3224 1187 3227 ·

382 3269 556 3337 Franguntur
573 3274 658 3339 remi3
676 3277 735 3326 tum
754 3290 836 3341 prora
854 3274 962 3339 avertit,
982 3275 1011 3325 et
1028 3270 1108 3322 undis

382 3344 438 3398 Dat
445 3345 517 3399 latus
527 3369 533 3412 3
544 3350 699 3417 insequitur
708 3351 815 3402 cumulo
827 3352 993 3417 praeruptus
1002 3363 1090 3415 aquae
1099 3362 1184 3399 mons.
1202 3360 1241 3401 105

373 3419 419 3471 II1'
430 3439 537 3476 suanno
553 3425 582 3478 in
602 3427 690 3481 fluctu
707 3426 850 3494 pendent,
864 3426 912 3479 Iris
927 3425 1006 3477 undu
1023 3424 1169 3475 delriscens

358 3492 472 3551 Terram
491 3500 571 3555 Inter
588 3504 694 3560 fluetus
713 3505 831 3576 aperit3
848 3503 921 3557 furit
938 3503 1037 3554 aestus
1052 3494 1156 3547 arenis

346 3561 407 3623 75119
421 3572 524 3632 Notus
542 3579 690 3653 abreptas
707 3586 742 3640 in
764 3599 838 3640 saxa
855 3577 984 3637 latentia
1000 3568 1160 3636 πίλω-
