3242 4159
401 522 451 573 236
639 522 669 570 P.
686 522 841 571 VERGILI
858 523 1023 574 MARONIS

402 601 464 656 Iam
481 603 547 656 tum·
558 601 654 669 religio
672 600 785 670 pavidos
803 602 927 657 terrebat
944 604 1061 672 agrestis

401 678 470 732 Dira
487 678 553 744 loci;
571 679 624 731 iam
643 681 703 731 tum
721 679 815 732 silvam
834 697 984 749 saxumque
1001 680 1168 737 tremebant.
1218 695 1253 736 aaa

402 754 464 808 Hoc
481 771 583 822 nemus,
601 755 679 823 hunc,
697 755 794 823 inquit,
811 756 940 809 frondoso
957 759 1061 812 vertice
1078 758 1185 826 collem,

401 830 468 895 Quis
483 830 551 885 deus
564 832 699 885 incertum
714 833 764 898 est,
779 831 887 885 habitat
903 831 971 885 deus
979 855 986 899 ;
1003 833 1132 888 Arcades
1147 834 1236 904 ipsum

401 906 524 961 credunt
542 906 689 961 sevidisse
708 906 810 975 Iovem,
829 923 891 960 oum
908 926 990 977 saepe
1008 910 1166 977 nigrantem

400 982 508 1050 Aegida
526 986 683 1037 concuteret
702 982 808 1051 dextra,
827 984 990 1053 nimbosque
1006 986 1100 1039 cieret.

400 1056 477 1111 Haec
495 1058 549 1112 duo
567 1062 710 1126 praeterea
728 1058 848 1112 disiectis
867 1061 967 1129 oppida
983 1063 1076 1129 muris,
1217 1076 1252 1116 aas

399 1132 538 1203 Reliquias
556 1137 734 1203 veterumque
752 1135 831 1189 vides
848 1140 1024 1191 monumenta
1041 1138 1170 1192 virorum

398 1210 477 1263 Hanc
496 1211 580 1264 Ianus
596 1213 682 1280 pater,
700 1210 769 1264 hane
787 1212 920 1265 Saturnus
939 1213 1063 1266 condidit
1079 1230 1187 1280 arcem3

398 1286 549 1341 Ianiculum
566 1287 636 1351 huic,
654 1287 694 1340 illi
712 1286 801 1340 fuerat
820 1288 949 1341 Saturnia
965 1306 1071 1341 nomen.

397 1362 506 1417 Talibus
523 1364 596 1418 inter
613 1381 643 1417 se
661 1364 741 1416 dictis
759 1364 794 1416 ad
812 1366 887 1416 tecta
904 1363 1034 1417 subibant

397 1438 528 1507 Pauperis
546 1440 675 1505 Euandri,
694 1441 850 1508 passimque
870 1444 994 1492 armenta
1011 1439 1143 1495 videbant
1213 1455 1248 1494 seo

396 1514 573 1584 Romanoque
590 1516 650 1568 foro
668 1526 697 1568 et
715 1516 796 1568 lautis
814 1517 919 1582 mugire
939 1516 1051 1569 Carinis.

395 1591 435 1645 Ut
453 1595 563 1645 ventum
582 1591 618 1643 ad
635 1590 728 1644 sedes:
753 1591 838 1659 llaec,
855 1591 951 1659 inquit,
969 1591 1062 1643 limina
1077 1591 1166 1645 victor

395 1667 507 1721 Alcides
525 1667 616 1735 subiit,
634 1665 701 1720 haee
720 1667 796 1720 illum
815 1667 889 1734 regia
907 1666 986 1735 cepit.

395 1743 484 1812 Ande,
502 1744 608 1813 hospes,
626 1747 800 1797 contemnere
819 1760 891 1812 opes,
910 1746 939 1795 et
956 1745 986 1795 tc
1004 1758 1115 1811 quoque
1134 1742 1247 1811 dignum

394 1818 481 1886 linge
499 1820 558 1889 deo,
576 1821 713 1889 rebusque
731 1820 792 1872 veni
809 1836 862 1872 non
881 1835 962 1886 asper
978 1817 1079 1885 egenis.
1210 1833 1248 1872 aas

393 1895 477 1962 Dixit,
496 1900 526 1950 ct
543 1897 652 1964 angusti
670 1896 765 1949 subter
782 1895 891 1962 fastigia
909 1895 976 1948 tecti

394 1970 539 2037 Ingentem
558 1973 670 2024 Aenean
689 1970 774 2036 duxit,
794 1971 943 2039 stratisque
962 1970 1059 2024 locarit

392 2046 525 2099 Effultum
542 2047 613 2099 foliis
631 2051 659 2100 et
676 2047 747 2115 pelle
759 2046 915 2115 'Libystidis
932 2063 1019 2099 ursae.

428 2121 489 2174 Nox
507 2123 570 2189 ruit,
588 2125 617 2175 et
634 2123 716 2175 fuscis
733 2122 859 2175 tellurem
877 2122 1054 2191 amplectitur
1070 2121 1129 2175 alis

392 2199 439 2251 At'
445 2197 540 2251 Venus
552 2197 626 2250 haud
638 2197 728 2251 animo
739 2199 905 2267 nequiquam
918 2197 1052 2251 exterrita
1062 2200 1160 2264 mater,
1208 2211 1244 2253 ³7⁰

391 2272 612 2342 Laurentumque
630 2272 711 2328 minis
729 2277 757 2328 ct
776 2274 845 2327 duro
863 2278 938 2329 mota
955 2274 1075 2327 tumultu

390 2350 542 2404 Volcanum
559 2350 722 2419 adloquitur,
741 2350 915 2419 thalamoque
933 2350 1001 2403 haec
1017 2348 1140 2416 coniugis
1157 2365 1242 2403 aureo

391 2426 499 2497 Incipit,
517 2431 546 2481 et
564 2426 643 2481 dictis
662 2427 783 2480 divinum
801 2421 925 2494 adspirat
943 2440 1077 2479 amorem:

390 2501 462 2556 Dmn
480 2503 551 2557 bello
570 2504 693 2571 Argolici
710 2503 856 2556 vastabant
874 2502 1009 2569 Pergama
1026 2515 1106 2568 reges

389 2577 491 2633 Debita
509 2597 672 2648 casurasque
690 2579 804 2631 inimicis
822 2578 930 2645 ignibus
947 2594 1030 2645 arces,
1205 2590 1242 2631 art

389 2653 415 2706 N
417 2671 451 2708 on
468 2655 553 2707 ullum
571 2656 701 2709 auxilium
719 2654 832 2721 miseris,
850 2670 903 2707 non
922 2670 997 2705 arma
1014 2651 1108 2720 rogari

390 2730 468 2783 Artis
486 2730 598 2797 opisque
616 2733 695 2795 tuae;
714 2748 764 2784 nee
783 2734 820 2797 te,
838 2729 976 2783 carissime
994 2729 1119 2795 coniunx,

389 2804 561 2859 Incassumre
579 2808 641 2857 tuos
658 2806 730 2858 volui
749 2822 877 2859 exercere
894 2804 1009 2870 labores,

389 2882 516 2946 Quamvis
534 2883 564 2934 et
583 2880 683 2934 Priami
702 2882 832 2935 deberem
851 2881 968 2950 plurima
985 2880 1063 2944 natis,

388 2957 425 3012 nt
442 2958 541 3011 durum
560 2961 671 3012 Aeneae
688 2958 823 3011 flevissem
841 2974 923 3025 saepe
940 2957 1069 3010 laborem.
1202 2969 1239 3008 aee

387 3034 414 3087 N
416 3052 466 3089 unc
485 3035 558 3089 Iovis
575 3035 686 3103 inperiis
705 3034 868 3087 Rutulorum
886 3032 1009 3086 constitit
1026 3030 1094 3084 oris:

385 3110 459 3179 Ergo
477 3112 572 3165 eadem
591 3111 705 3178 supplex
723 3112 808 3178 venio,
826 3111 856 3162 et
874 3111 998 3162 sanctum
1015 3106 1083 3160 mihi
1100 3120 1203 3159 numen

387 3188 475 3240 Arma
492 3204 565 3256 rogo,
584 3187 710 3255 genetrix
727 3189 799 3238 nato.
836 3185 874 3239 Te
892 3184 949 3238 filia
966 3183 1058 3251 Nerei,

384 3256 425 3315 'fe
442 3265 532 3331 potuit
550 3262 667 3316 lacrimis
685 3262 809 3315 Tithonia
826 3261 938 3314 flectere
956 3260 1079 3312 coniunx.

382 3338 491 3405 Aspice,
510 3339 558 3408 qui
575 3341 671 3391 coeant
688 3338 788 3406 populi,
807 3352 879 3405 quae
896 3335 1003 3389 moenia
1019 3332 1118 3387 clausis
1199 3349 1237 3389 aas

366 3410 490 3469 Ferrum
509 3419 613 3472 acuant
631 3416 722 3488 portis
740 3413 770 3468 in
785 3429 832 3468 me
849 3411 1051 3477 exseidiumque
1068 3425 1201 3465 meorum.

353 3484 485 3565 Direrat,
507 3499 539 3549 ct
559 3496 655 3552 niveis
674 3496 742 3551 hinc
762 3496 853 3563 atque
865 3488 935 3542 hine
951 3483 1144 3537 disalaaart'xs

353 3559 540 3686 prauam
563 3575 709 3645 anrplexu
729 3571 813 3629 molli
831 3568 921 3622 louet.
954 3561 1013 3614 ille
1027 3557 1147 3622 terim
