3242 4159
373 532 423 582 ese
611 528 641 577 P.
659 524 815 577 VERGILI
830 524 998 577 MARONIS

374 613 524 665 Tantorum
542 609 664 680 inpensis
681 622 811 677 operum
831 605 869 659 nil
886 606 960 662 dona
975 624 1071 679 neque
1088 623 1189 663 aurum

375 688 402 741 N
403 704 435 741 ec
452 702 565 753 magnas
583 685 701 740 valuisse
717 697 827 752 preces;
850 681 906 744 alia
922 700 1001 739 arma
1018 684 1132 739 latinis

376 762 549 830 Quaerenda,
566 766 616 816 aut
632 775 728 831 pacem
746 758 861 811 'l'roinno
879 759 914 812 ab
932 778 1000 831 rege
1017 760 1180 831 petendum
1196 772 1229 813 m

376 838 478 892 Deficit
495 837 602 906 ingenti
620 838 696 891 luctu
714 851 763 888 rex
780 833 840 903 ipse
858 834 980 893 Latinus

377 914 502 967 Fatalem
521 916 635 969 Aenean
652 910 797 967 manifesto
814 910 926 965 numine
942 912 1011 968 ferri

377 990 520 1044 Admonet
537 990 579 1043 ira
596 990 680 1043 deum
697 986 850 1054 tumulique
867 990 932 1041 ante
950 1005 1000 1043 ora
1016 990 1153 1043 recentes

378 1064 451 1133 Ergo
469 1065 612 1118 concilium
630 1079 758 1131 magnum
775 1062 933 1132 primosque
951 1081 1064 1119 snorum

378 1141 489 1209 Inperio
506 1141 609 1194 accitos
626 1140 683 1193 alta
700 1139 774 1192 intra
792 1138 887 1220 limina
903 1140 984 1209 cogit.
1196 1158 1230 1196 2³5

378 1217 432 1269 Olli
451 1233 609 1283 convenere,
629 1216 772 1283 fluuntque
790 1213 827 1267 ad
843 1216 921 1283 regia
937 1217 1028 1285 plenis

377 1293 461 1347 'lecta
478 1293 537 1347 viis.
572 1292 659 1347 Sedet
676 1293 704 1345 in
721 1290 820 1345 mediis
838 1294 867 1345 et
884 1308 1030 1348 maxumus
1048 1308 1118 1347 aevo

378 1369 415 1422 nt
433 1370 538 1438 primus
555 1370 677 1438 sceptris,
694 1367 770 1421 haud
786 1367 860 1421 laeta
876 1368 974 1437 fronte,
992 1369 1117 1423 Latinus

378 1448 474 1514 Atque
492 1446 536 1501 hie
553 1446 658 1514 legatos
677 1444 778 1499 Aetola
796 1459 831 1496 ex
849 1444 916 1498 urbe
933 1446 1071 1515 remissos,

377 1520 454 1585 Quae
471 1523 599 1588 referent,
616 1522 668 1575 fari
685 1520 770 1587 iubet,
789 1521 819 1574 et
836 1536 966 1589 responsa
983 1523 1108 1590 reposcit
1195 1540 1230 1581 so

378 1597 481 1651 Ordine
499 1600 597 1651 cuncta
614 1613 671 1651 suo.
706 1596 775 1649 'lum
792 1596 866 1649 facta
883 1597 993 1651 silentia
1008 1598 1119 1669 linguis,

378 1672 416 1726 Et
434 1673 557 1727 Venulus
575 1673 649 1727 dicto
667 1689 766 1742 parens
783 1672 823 1726 ita
840 1672 925 1726 farier
942 1674 1018 1729 infit:

372 1771 375 1777 ·
413 1749 549 1817 Vidimus,
568 1767 585 1804 o
602 1749 682 1818 cives,
699 1748 864 1802 Diomedem
883 1750 1043 1818 Argivaque
1060 1757 1161 1823 castra

380 1824 475 1893 Atque
492 1826 547 1880 iter
563 1827 666 1881 emensi
683 1842 761 1879 cesus
779 1826 965 1893 superavimus
983 1827 1093 1895 omnis·

379 1899 604 1971 Contigimusque
621 1919 739 1970 manum,
758 1918 813 1970 qua
829 1901 947 1955 concidit
965 1902 1019 1955 llia
1034 1904 1127 1958 tellus
1196 1920 1231 1961 sss

379 1974 431 2028 Ille
449 1977 546 2030 urbem
566 1979 731 2046 Argyripam
748 1977 856 2047 patriae
873 1979 1031 2045 cognomine
1046 1980 1142 2047 gentis

379 2049 476 2105 Victor
493 2052 614 2120 Gargani
633 2054 769 2107 condebat
788 2054 898 2122 iapygis
915 2054 996 2121 agris

379 2125 528 2195 Postquam
546 2129 706 2196 introgressi
724 2132 754 2182 et
771 2146 863 2183 eoram
881 2129 947 2184 date
963 2131 1041 2199 eopia
1058 2131 1143 2202 fandi,

379 2201 494 2256 Munera
511 2204 698 2272 praeferimus,
717 2221 817 2258 nomen
835 2206 1008 2275 patriamque
1025 2207 1175 2276 docemus3

379 2277 432 2344 Qui
443 2277 546 2333 bellum
558 2280 709 2348 intulerint,
719 2298 789 2349 quae
801 2298 898 2335 caussa
909 2284 1055 2337 attraxerit
1068 2286 1163 2353 Arpos
1197 2300 1233 2340 aso

380 2354 492 2409 Auditis
510 2356 557 2411 ille
573 2357 641 2412 baec
657 2357 764 2427 placido
782 2358 822 2411 sic
838 2358 961 2412 reddidit
978 2375 1038 2414 ore:

379 2431 402 2482 Ο
421 2431 576 2489 fortunatae
593 2438 697 2502 gentes,
716 2433 845 2487 Satvuuia
862 2450 953 2501 regna,

379 2507 496 2577 Antiqui
514 2510 638 2578 Ausonii,
656 2526 727 2578 quae
743 2526 792 2563 vos
808 2510 919 2562 fortuna
936 2509 1045 2578 quietos

378 2582 521 2651 Sollicitat,
541 2585 694 2655 suadetque
711 2586 805 2653 ignota
823 2584 956 2639 lacessere
974 2585 1062 2640 bellai

379 2658 548 2727 Quicumque
567 2661 665 2715 Iliacos
682 2662 755 2715 ferro
773 2660 933 2714 violavimus
950 2678 1074 2729 agros-
1197 2680 1234 2719 arc

378 2732 461 2787 Mitto
480 2751 518 2799 ea,
536 2753 607 2803 quae
625 2736 711 2789 muris
727 2735 856 2790 bellando
874 2737 1008 2791 exhausta
1025 2738 1077 2792 sub
1095 2738 1168 2807 altis,

378 2808 452 2873 Quos
470 2809 568 2862 Simois
585 2814 694 2877 premat
710 2811 757 2864 ille
774 2812 991 2867 viros-infanda
1007 2830 1058 2882 per
1075 2814 1172 2868 orbem

377 2883 516 2955 Supplicia
533 2890 563 2940 et
580 2886 712 2940 scelerum
729 2904 832 2953 poenas
850 2889 1030 2957 expendimus
1048 2906 1151 2958 omnes,

378 2960 431 3014 Vel
450 2962 559 3017 Priamo
577 2962 732 3017 miseranda
748 2979 859 3030 manus;
878 2965 929 3019 scit
947 2965 1029 3019 triste
1046 2966 1192 3021 Minervae
1215 2958 1223 2973 ’

378 3035 460 3091 Sidus
477 3042 507 3093 ct
525 3039 662 3093 Euboicae
679 3042 773 3092 cautes
791 3039 919 3107 ultorque
937 3041 1102 3109 Caphereus
1196 3058 1234 3097 aee

377 3110 478 3167 Militia
495 3132 530 3167 ex
547 3116 594 3169 illa
612 3116 750 3170 divorsum
768 3115 805 3169 od
823 3116 890 3169 litus
908 3116 998 3171 abacti

378 3188 493 3242 Atrides
513 3190 606 3245 Protei
623 3192 764 3246 Menelaus
783 3192 906 3258 adusque
925 3193 1064 3247 columnas

376 3263 499 3331 llxsulet,
520 3268 660 3321 Aetnaeos
680 3268 751 3321 vidit
770 3268 903 3336 Cyclopas
922 3267 1026 3323 Ulixes.

378 3337 475 3407 Regna
494 3342 669 3409 Neoptolemi
689 3344 816 3411 referam,
838 3360 988 3413 versosque
1005 3344 1114 3413 penatis

368 3410 534 3475 Idomenei?
553 3418 695 3488 Libycone
714 3419 872 3476 habitantis
885 3419 972 3471 litore
985 3420 1108 3471 bocrosl
1194 3436 1235 3473 ms

352 3487 423 3555 ῙΡθθ
439 3496 621 3570 Mycenaeus
641 3514 818 3571 magnorum
836 3496 938 3550 ductor
961 3492 1100 3543 Aelixvom

380 3571 479 3649 ⁰1⁰⁰&ss
501 3578 653 3640 infandae
672 3577 776 3654 prime
794 3573 880 3630 intra
895 3566 1000 3623 limina
1015 3561 1121 3613 dum
