3242 4159
388 528 435 576 196
502 581 509 590 ι
619 522 650 570 Ρ.
668 521 821 569 VERGILI
838 522 1007 572 MARONIS
1136 483 1147 540 ι
1173 553 1183 561 -

388 606 496 659 Nomen
514 606 543 658 et
560 618 637 657 arma
653 601 743 655 locum
761 605 888 668 servant3
905 605 944 671 te,
961 604 1058 674 amice,
1077 608 1192 677 nequivi

388 681 553 749 conspicere
570 681 599 732 et
616 679 706 746 patria
724 678 862 734 decedens
880 696 982 747 ponere
1000 684 1085 737 terra

389 758 437 811 Ad
454 772 525 825 quae
544 754 710 809 Priamides:
728 754 807 807 Nihil
825 770 842 807 o
859 755 912 809 tibi
929 756 1018 811 amice
1035 758 1182 827 relietum

388 834 488 888 Omnia
505 830 649 899 Deiphobo
667 830 769 885 solvisti
787 833 819 885 et
834 832 941 885 limeris
957 832 1071 888 umbris
1209 850 1247 892 uo

387 909 444 965 Sed
461 925 506 962 me
523 908 582 961 sata
599 923 660 960 mea
678 910 707 960 et
725 905 815 960 scelus
832 907 943 961 exitiale
962 908 1106 966 Lacaenae

388 986 443 1039 His
459 1000 580 1037 mersere
598 982 691 1048 malis3
708 982 755 1035 illa
772 982 839 1035 haee
858 988 1037 1038 monumenta
1053 986 1177 1056 reliquit

387 1060 514 1131 Namque
531 1063 563 1113 ut
582 1076 736 1127 supremam
755 1058 823 1112 falsa
841 1059 917 1113 inter
932 1060 1035 1127 gaudia
1051 1066 1162 1117 noctem

388 1136 539 1203 Egerimus,
557 1135 646 1200 nosti;
664 1139 693 1187 et
710 1134 825 1187 nimium
843 1136 998 1189 meminisse
1016 1153 1128 1192 neeesse
1146 1142 1197 1194 est

388 1212 458 1266 (lum
475 1211 567 1265 fatalis
585 1227 673 1278 equus
690 1210 763 1263 saltu
781 1227 864 1279 super
883 1212 972 1265 ardua
987 1213 1066 1267 venit
1208 1230 1245 1269 615

388 1287 523 1355 Pergama
540 1290 569 1341 et
587 1289 723 1340 armatum
741 1286 863 1353 peditem
880 1287 972 1353 gravis
991 1289 1087 1343 attulit
1101 1289 1175 1360 alvo,

389 1363 449 1431 Illa,
467 1364 578 1417 chorum
597 1362 733 1430 simulans,
753 1362 861 1415 euantis
879 1362 957 1430 orgia
974 1364 1076 1418 circum

388 1438 513 1495 Ducebat
531 1439 679 1507 Phrygiam
698 1437 837 1490 flammam
855 1439 948 1491 media
964 1439 1024 1507 ipsa
1042 1441 1157 1497 tenebat

389 1514 542 1582 Ingentem,
562 1518 590 1567 et
609 1530 715 1567 smnma
735 1512 845 1567 Danaos
863 1530 898 1567 ex
915 1531 978 1568 arce
995 1516 1117 1571 vocabat

388 1590 457 1643 'lum
475 1606 526 1656 me,
545 1590 697 1642 confectum
718 1588 791 1640 curis
809 1605 958 1658 somnoque
976 1595 1127 1660 gravatum,
1207 1608 1246 1650 rao

389 1665 491 1719 Infelix
508 1665 605 1718 habuit
622 1663 766 1732 thalamus,
786 1666 943 1733 pressitque
961 1666 1096 1721 iacentem

388 1740 483 1795 Dulcis
500 1744 529 1795 et
546 1741 603 1793 alta
622 1739 699 1809 quies
718 1740 898 1809 placidaeque
917 1741 1054 1795 simillima
1069 1739 1160 1799 mora

388 1816 508 1885 Egregia
525 1818 630 1871 interea
649 1816 766 1871 coniunx
785 1834 861 1871 arma
878 1817 971 1871 omnia
986 1819 1069 1873 tectis

390 1893 516 1960 dimovet,
535 1898 565 1947 et
582 1894 668 1947 fidum
687 1893 770 1961 capiti
790 1891 961 1948 subduxerat
978 1910 1088 1960 ensem

389 1967 469 2022 Intra
485 1972 561 2023 tecta
577 1973 656 2023 vocat
675 1968 840 2035 Menelaum,
860 1972 890 2022 et
907 1968 1001 2022 limina
1017 1970 1123 2038 pandit,
1207 1987 1245 2028 εκ

388 2042 499 2097 Scilicet
515 2043 545 2096 id
563 2061 691 2112 magnum
709 2060 822 2110 sperans
839 2044 900 2097 fore
916 2061 1015 2097 munus
1031 2046 1141 2113 amanti,

388 2118 426 2173 llt
443 2119 542 2171 famam
560 2120 697 2185 exstingui
715 2122 840 2172 veterum
859 2120 898 2173 sic
914 2137 994 2188 posse
1011 2120 1152 2175 malorum.

390 2194 463 2259 Quid
480 2196 588 2247 mororl
606 2194 767 2263 inrumpunt
784 2194 921 2261 thelam03
939 2212 1028 2249 comes
1046 2195 1162 2250 additur
1179 2216 1236 2253 una

389 2269 525 2324 Hortator
542 2270 675 2323 scelerum
695 2268 833 2324 Aeolides
871 2270 915 2338 Di,
934 2271 1001 2325 talia
1018 2270 1111 2326 Graiis

389 2346 555 2415 Instaurate,
574 2347 619 2416 pie
639 2346 661 2400 si
679 2363 781 2415 poenas
799 2363 847 2400 ore
865 2364 984 2415 reposco.
1207 2363 1246 2401 reo

389 2423 446 2479 Sed
463 2428 494 2479 te
511 2425 558 2494 qui
575 2424 666 2478 virum
685 2440 770 2490 casus,
789 2440 847 2491 age,
866 2423 924 2477 fare
941 2424 1067 2491 vicissim,

389 2500 551 2555 Attulerint.
589 2500 719 2568 Pelagine
737 2500 814 2553 venis
832 2500 970 2553 erroribus
987 2504 1073 2568 aetus,

389 2577 435 2630 An
454 2577 559 2629 monitu
578 2576 685 2629 divom?
703 2593 739 2629 an
757 2592 829 2645 quae
846 2579 876 2629 te
894 2575 1016 2628 Fortuna
1032 2574 1141 2646 fatigat,

388 2651 431 2705 Ut
447 2652 536 2704 tristis
553 2652 611 2704 sine
629 2651 686 2703 sole
705 2653 808 2717 domos,
827 2651 886 2706 loca
903 2650 1023 2717 turbida,
1041 2650 1149 2709 adiresl

389 2726 451 2779 Hac
468 2726 528 2779 viee
546 2742 700 2778 sermonum
719 2728 803 2780 reseis
825 2730 934 2780 Aurora
952 2726 1092 2794 quadrigis
1206 2742 1243 2782 aar

389 2801 450 2855 Iam
467 2800 588 2853 medium
606 2800 729 2854 aetherio
747 2818 828 2855 eursu
845 2804 993 2863 traiecerat
1011 2818 1104 2866 axem;

389 2877 426 2932 Et
443 2877 498 2930 fors
516 2892 595 2929 omne
614 2874 708 2929 datum
727 2878 870 2932 traherent
887 2895 937 2947 per
954 2878 1021 2931 talia
1037 2881 1163 2945 tempus3

389 2952 445 3007 Sed
462 2969 551 3007 eomes
569 2951 710 3006 admonuit
728 2953 904 3022 breviterque
925 2954 1020 3007 adfata
1038 2952 1141 3021 Sibylla
1158 2956 1219 3008 est:

388 3028 452 3082 Nox
469 3028 533 3096 ruit,
552 3030 663 3092 Aenea3
680 3045 730 3082 nos
748 3029 839 3083 flendo
859 3029 983 3083 ducimus
1000 3029 1087 3082 horas.
1189 3038 1193 3045 ’

389 3104 444 3158 Hie
461 3104 536 3159 locus
555 3109 604 3172 est,
623 3105 710 3174 partis
727 3104 775 3158 ubi
794 3122 824 3159 se
841 3106 886 3159 via
904 3106 985 3159 findit
1002 3105 1030 3157 in
1048 3106 1158 3158 ambas:
1205 3120 1243 3159 cao

388 3180 511 3235 Dextera
529 3198 599 3251 quae
617 3182 690 3235 Ditis
707 3183 799 3249 magni
819 3182 870 3234 sub
887 3182 994 3248 moenia
1012 3180 1109 3249 tendit,

389 3256 451 3310 Hac
467 3257 522 3311 iter
539 3258 659 3324 Elysium
677 3257 771 3323 nebis3
788 3262 819 3311 at
836 3258 914 3312 laeva
931 3258 1065 3310 malorum

389 3331 508 3386 Exercet
525 3348 633 3401 poenas,
651 3335 680 3386 et
698 3332 734 3386 ad
751 3333 835 3401 impia
853 3334 967 3386 Tartara
984 3332 1077 3387 mittit

377 3406 545 3477 Daphnous
562 3412 673 3467 eontra:
692 3407 719 3464 N
721 3425 737 3465 e
755 3409 839 3477 saevi,
854 3425 955 3477 magna
970 3408 1110 3473 sacerdon

361 3480 528 3557 Drsoedam,
551 3489 674 3561 explebo
693 3504 855 3554 numerum,
872 3484 1035 3548 reddarque
1049 3480 1181 3532 teneura
1213 3494 1253 3531 ua

344 3553 372 3611 Ῑ
382 3558 484 3631 decus,
505 3566 526 3637 i,
547 3572 708 3640 nostrum3
727 3565 904 3626 melioribus
917 3563 1006 3615 utere
1019 3553 1098 3606 ³2<ss
