3242 4159
388 532 437 585 152
623 535 652 585 P.
671 534 826 585 VERGILI
841 535 1007 589 MARONis

387 612 527 682 Linquens
536 614 623 669 multe
631 615 710 669 metu
720 617 896 671 cunctantem
907 620 938 672 et
948 617 1037 673 mulla
1044 624 1191 689 parantem
1205 638 1239 679 ao

386 689 493 745 Dicere.
531 691 687 759 Suscipiunt
702 691 830 762 famulae,
847 693 1032 763 conlapsaque
1048 697 1176 754 membre

386 765 541 821 Marmoreo
558 767 683 820 referunt
699 767 820 823 thalamo
838 770 992 839 stratisque
1009 777 1156 841 reponunt

420 843 462 897 At
479 843 541 912 pius
559 844 676 910 Aeneas,
694 859 861 913 quamquam
878 845 966 900 lenire
984 846 1126 904 dolentem

385 918 504 973 Solando
521 919 597 988 cupit
615 921 644 972 et
662 918 742 972 dictis
760 924 885 990 evertere
902 937 987 986 curas,

384 994 475 1050 Multa
485 1012 598 1064 gemens
610 1010 764 1063 magnoque
775 997 896 1050 animum
907 997 1060 1053 labefactus
1070 1015 1172 1070 amore,
1204 1017 1239 1061 as

385 1070 465 1125 Iussa
481 1074 574 1125 tamen
592 1070 684 1124 divom
701 1072 868 1141 exsequitur,
885 1073 1055 1143 classemque
1071 1077 1176 1133 revisit

384 1147 453 1202 Tum
471 1164 536 1201 vero
555 1147 651 1201 Teucri
668 1147 831 1201 incumbunt
848 1151 878 1202 et
894 1148 976 1203 litore
993 1150 1081 1205 celsas

385 1223 532 1278 Deducunt
549 1227 609 1278 toto
626 1224 710 1277 navis.
745 1223 834 1278 Natat
849 1227 933 1278 uncta
949 1225 1049 1295 carina,

384 1299 605 1369 Frondentisque
622 1300 714 1353 ferunt
732 1316 823 1353 remos
839 1303 869 1355 et
885 1299 986 1363 robora
1002 1302 1078 1357 silvie

385 1375 559 1445 Iniabricete,
576 1377 658 1444 fugae
675 1376 774 1430 studio.
1203 1396 1239 1437 m

383 1452 531 1521 Migrantis
549 1469 652 1519 cernas,
670 1454 784 1519 totaque
801 1467 837 1506 ex
853 1451 923 1507 urbe
939 1453 1052 1507 ruentis

383 1530 427 1583 Ac
444 1530 519 1583 velut
535 1528 675 1596 ingentem
691 1527 820 1581 formicae
835 1528 916 1582 farris
932 1544 1060 1583 acervum

384 1605 452 1660 Cum
469 1604 609 1673 populant,
626 1603 723 1657 hiemis
740 1619 883 1671 memores,
901 1607 1032 1674 tectoque
1048 1610 1205 1675 reponunt;

384 1679 413 1736 lt
430 1681 539 1749 nigrum
556 1679 659 1749 campis
676 1696 782 1747 agmen,
800 1680 987 1750 praedamque
1002 1697 1055 1752 per
1071 1682 1173 1740 herbas

383 1756 552 1812 Convectant
569 1757 637 1811 calle
655 1759 786 1824 angusto;
803 1772 868 1825 pers
884 1757 1001 1824 grandis
1017 1758 1137 1815 trudunt
1202 1774 1237 1815 sm

383 1833 508 1888 Obnixae
524 1834 663 1887 frumenta
680 1832 817 1897 humer-iu
835 1849 899 1901 pars
916 1833 1025 1901 agmina
1042 1840 1146 1903 cogunt

383 1907 580 1978 Castignntquo
597 1925 703 1973 moras;
724 1924 807 1977 opere
825 1908 911 1962 omnis
929 1909 1028 1964 semita
1044 1910 1143 1966 fervet.

383 1984 451 2049 Quis
468 1984 520 2038 tibi
537 1988 605 2051 tum,
624 1984 704 2052 Dido,
721 1985 846 2037 cernenti
863 1984 930 2038 talia
946 2000 1050 2053 sensus,

383 2059 490 2124 Quosve
508 2058 593 2112 dabas
610 2060 738 2127 gemitus,
756 2076 818 2112 cum
836 2059 918 2114 litora
933 2060 1040 2115 fervere
1058 2061 1116 2117 late

383 2135 556 2203 Prospiceres
574 2150 636 2187 arce
653 2151 689 2187 ex
705 2151 819 2198 summa,
836 2138 981 2204 totumque
998 2137 1108 2192 videres
1199 2152 1236 2193 410

383 2210 493 2265 Misceri
510 2213 574 2264 ante
592 2209 682 2264 oculos
699 2210 786 2264 tantis
803 2211 967 2265 clamoribus
984 2214 1104 2281 aequori

383 2286 502 2356 Inprobe
520 2303 602 2356 amor,
621 2286 687 2355 quid
704 2303 758 2340 non
774 2287 902 2341 mortalia
918 2290 1030 2355 pectora
1047 2289 1139 2357 cogis?

383 2364 430 2417 Ire
446 2363 548 2418 iterum
565 2363 594 2417 in
610 2363 742 2431 lacrimas,
759 2362 861 2417 iterum
877 2366 1016 2431 temptare
1033 2365 1173 2432 precando

382 2439 497 2509 Cogitur
521 2444 551 2495 et
569 2440 683 2509 supplex
701 2439 805 2493 animos
823 2438 987 2493 submittere
1004 2440 1099 2509 amori,

381 2515 407 2569 N
410 2533 425 2570 e
443 2482 511 2585 quid
527 2516 700 2586 inexpertum
717 2515 821 2568 frustm
837 2514 971 2568 moritura
988 2515 1133 2584 relinquat
1197 2531 1235 2573 415

417 2592 505 2659 Anna,
522 2592 599 2645 vides
616 2594 677 2645 toto
693 2591 836 2659 properari
853 2590 952 2645 litorei
987 2591 1097 2645 Circum

381 2666 512 2735 Undique
530 2683 692 2731 convener03
710 2670 790 2720 vocet
808 2667 863 2719 iam
880 2666 1117 2734 carbasusauras,

381 2741 523 2811 Puppibus
540 2746 570 2795 et
586 2742 653 2795 laeti
669 2746 770 2795 nautae
786 2743 932 2811 inposuere
949 2759 1069 2796 coronas

381 2810 464 2872 Hunc
481 2834 533 2885 ego
551 2818 574 2871 si
590 2818 668 2885 potui
685 2820 793 2870 tentum
812 2834 923 2886 sperare
941 2817 1071 2890 dolorem,

380 2892 418 2948 Et
430 2893 559 2963 perferre,
572 2910 655 2960 soror,
667 2895 770 2963 potero.
800 2893 920 2948 Miserae
931 2893 982 2947 hoc
993 2896 1087 2947 tamen
1098 2909 1185 2947 unum
1196 2907 1236 2947 ceo

380 2953 545 3039 Exsequere
565 2972 653 3038 Anne,
670 2969 751 3036 mihi3
773 2970 858 3023 solam
876 2987 939 3023 nam
957 2970 1080 3038 perfidus
1097 2970 1145 3024 ille

380 3045 419 3101 'l'e
436 3046 532 3114 colere,
550 3063 661 3101 arcanos
678 3045 762 3100 etiam
779 3045 832 3099 tibi
849 3045 963 3099 credere
980 3062 1091 3112 sensus3

380 3122 443 3178 Sola
460 3122 512 3176 viri
529 3122 618 3176 mollis
635 3123 727 3177 editus
744 3125 774 3176 et
791 3125 917 3191 tempora
933 3138 1026 3175 noras:

381 3197 405 3264 1,
423 3215 506 3266 soror,
525 3203 609 3268 atquc
626 3199 734 3253 hostem
752 3199 867 3267 supplex
884 3198 979 3252 adfare
996 3197 1159 3266 superbum:

381 3274 443 3329 Non
461 3292 512 3343 ego
530 3292 592 3329 cum
610 3276 712 3329 Densis
729 3275 873 3328 Troianam
890 3274 1052 3328 exscindere
1064 3276 1178 3342 gentem
1196 3286 1235 3327 sm

382 3350 485 3405 Aulide
501 3351 595 3419 iuravi,
612 3352 760 3406 classemve
777 3349 814 3403 ad
832 3350 966 3418 Pergama
982 3349 1052 3415 misi,

367 3425 432 3477 ribo
439 3428 536 3494 patris
551 3428 697 3485 Anchisae
714 3428 838 3485 cinerem
853 3426 982 3481 Manisve
996 3423 1109 3477 revelli·.

350 3497 413 3551 Oct
426 3518 494 3557 mee
513 3505 595 3563 dicta
611 3512 703 3580 negat
722 3508 813 3563 duras
832 3503 989 3561 demittere
1004 3500 1039 3552 in
1052 3495 1149 3549 amul
1194 3564 1202 3577 ι

342 3567 398 3633 Viro
407 3577 495 3636 ruit?
510 3586 689 3646 extremm
700 3588 763 3646 hoc
775 3586 905 3644 miserae
917 3579 975 3637 det
981 3584 1091 3631 munus
1099 3567 1231 3621 amenta·-
