3242 4159
659 520 842 569 AENEIDOS
859 520 930 570 LIB.
949 519 972 569 Ι.
1208 524 1238 569 93

381 593 509 672 Rupibus
526 600 664 669 excidrmt,
683 601 786 654 scaenis
806 600 905 654 decora
922 600 979 654 alta
996 600 1102 656 futuris.

381 675 477 744 Qnalis
495 693 560 745 apes
580 680 686 730 aestate
704 694 775 729 nova
791 693 841 744 per
859 676 943 730 florea
960 694 1024 730 rura
1202 693 1239 733 ssa

381 754 503 808 Exercet
522 752 574 806 sub
592 753 647 806 sole
665 752 750 820 labor,
769 769 831 805 cum
849 754 940 820 gentis
958 754 1067 809 adultos

382 829 513 883 Educunt
530 829 611 896 fetus,
631 832 679 882 aut
697 845 758 881 cum
777 828 908 896 liquentia
926 830 1008 883 mella

382 907 494 976 Stipant
511 908 540 958 et
560 904 632 958 dulci
652 904 813 958 distendunt
832 909 942 959 nectare
960 907 1048 973 cellas,

383 983 444 1036 Aut
462 998 545 1035 onera
563 981 697 1048 accipiunt
716 981 873 1035 venientum
892 986 939 1036 aut
957 985 1063 1051 agmine
1080 986 1152 1038 facto

383 1058 519 1126 Ignavum
536 1058 612 1109 fuoos
629 1074 712 1125 pecus
732 1073 749 1109 a
765 1058 942 1126 praesepibus
961 1063 1067 1113 arcent:
1203 1076 1238 1113 aas

383 1134 486 1188 Fervet
504 1151 579 1203 opus,
597 1133 777 1202 redolentque
797 1134 889 1201 thymo
908 1136 1057 1203 fragrantia
1073 1135 1160 1188 mella.

383 1210 408 1263 Ο
426 1210 567 1276 fortunati,
587 1227 700 1278 quorum
719 1211 772 1283 iam
791 1212 898 1263 moenia
915 1216 1046 1279 surgunt!

384 1288 495 1341 Aeneas
513 1288 558 1352 ait,
578 1290 606 1340 et
624 1286 732 1354 fastigia
751 1287 864 1354 suspicit
881 1288 963 1340 urbis.

384 1363 476 1416 Infert
494 1379 523 1415 se
541 1366 652 1431 saeptus
670 1362 925 1416 nebula-mirabile
943 1364 1052 1416 dictu—
1141 1428 1144 1432 Ι

385 1438 439 1492 l’er
457 1438 567 1504 medios,
585 1440 733 1507 miscetque
751 1440 822 1505 viris,
842 1455 930 1508 nequo
947 1441 1067 1492 cernitur
1083 1439 1138 1495 ulli.
1201 1455 1238 1493 010

339 1537 372 1626 γ
420 1513 509 1567 Lucus
526 1516 555 1566 in
571 1514 640 1567 urbe
658 1515 710 1567 fuit
728 1514 827 1581 media,
847 1515 1009 1569 laetissimus
1028 1515 1149 1582 umbrae,

410 1607 445 1643 uo
463 1591 579 1657 primum
597 1591 690 1644 iactati
707 1591 788 1643 undis
806 1594 835 1644 et
853 1591 963 1645 turbine
982 1592 1066 1645 Poeni

384 1666 512 1719 Effodere
530 1666 587 1719 loco
606 1668 719 1735 signum,
737 1667 814 1735 quod
832 1668 908 1734 rogia
927 1668 996 1720 Iuno

384 1741 561 1809 Monstramt,
581 1746 663 1811 caput
682 1744 751 1795 aeris
770 1744 847 1811 cqui;
868 1744 905 1795 sic
923 1760 985 1795 nam
1004 1744 1061 1795 fore
1078 1743 1151 1796 bello
1211 1782 1216 1790 .

383 1818 530 1885 Egregium
548 1822 577 1878 et
594 1813 701 1872 facilem
720 1820 794 1872 victu
811 1836 860 1887 per
879 1820 984 1871 saccula
1001 1821 1118 1886 gentem.
1201 1833 1237 1873 445

385 1894 440 1946 Hic
457 1895 589 1962 templum
611 1896 707 1948 lunoni
725 1897 820 1963 ingens
840 1895 950 1948 Sidonia
968 1895 1041 1947 Dido

384 1968 535 2037 Condebat,
555 1971 632 2024 donis
651 1972 808 2040 opulentum
828 1975 857 2025 et
874 1972 983 2025 numine
1000 1967 1088 2040 divae,

385 2048 479 2099 Aerea
495 2047 538 2100 cui
555 2048 686 2115 gradibus
705 2048 854 2116 surgebant
872 2048 965 2101 limina
981 2054 1121 2177 nexJaqne

384 2124 462 2175 Acro
479 2122 579 2191 trabes,
596 2124 700 2177 foribus
720 2124 801 2177 cardo
821 2125 956 2177 stridebat
973 2125 1054 2177 aeni.
1118 2165 1122 2174 .

385 2199 447 2250 Hoc
465 2200 583 2267 primum
599 2202 627 2253 in
645 2201 705 2253 luco
724 2218 793 2254 nova
810 2217 855 2253 res
874 2201 965 2253 oblata
982 2201 1107 2253 thnorem
1201 2214 1237 2252 sao

384 2272 484 2341 Leniit,
502 2274 545 2328 hic
563 2277 679 2344 primum
699 2278 807 2329 Aeneas
828 2293 937 2345 sperare
956 2276 1072 2328 salutem

385 2352 479 2403 Ausus
498 2355 527 2404 et
544 2352 660 2406 adflictis
678 2354 774 2406 melius
792 2352 928 2405 confidere
947 2352 1035 2403 rebus.

384 2426 412 2476 ‚N
414 2441 512 2493 amque
531 2428 581 2479 sub
598 2416 703 2496 ingenti
721 2429 822 2481 lustrat
840 2428 905 2479 dum
924 2426 1029 2493 singula
1046 2424 1156 2492 templo,

385 2498 521 2567 Reginam
539 2506 689 2572 opperiens,
709 2504 781 2568 (111111,
800 2519 869 2571 quac
889 2503 1011 2555 Fortuna
1028 2501 1064 2552 sit
1081 2499 1147 2563 urbi,

385 2576 587 2647 Artificmnque
605 2598 700 2634 manus
718 2581 790 2633 inter
808 2597 838 2633 sc
856 2594 1022 2647 operrunquc
1040 2575 1160 2629 laborem
1203 2590 1238 2628 aa

385 2650 513 2721 Miratur,
532 2655 608 2709 videt
628 2658 725 2709 Iliacas
744 2674 777 2710 ex
796 2656 891 2709 ordino
908 2672 1013 2724 pugnas

384 2727 520 2797 Bellaque
537 2732 590 2785 iam
608 2734 681 2785 fama
698 2736 787 2785 totum
806 2733 915 2799 volgata
932 2749 983 2800 per
999 2732 1100 2816 orbqrn,

385 2804 508 2869 Atridas,
529 2806 727 2875 Priamumque,
748 2813 776 2861 ct
795 2826 904 2861 saevum
924 2808 1055 2861 ambobus
1076 2807 1207 2860 Achillen.

386 2879 525 2948 Constitit,
539 2887 567 2935 et
579 2884 729 2951 lacrimans,
744 2885 810 2948 Quis
824 2886 878 2937 iam
891 2885 971 2951 locus,
985 2885 1082 2952 inquit,
1097 2883 1211 2945 Achate,

346 1511 375 1540 fl

386 2956 464 3019 Quat>
481 2958 556 3025 regio
574 2960 601 3012 in
620 2961 702 3013 terris
720 2961 806 3013 nostri
825 2978 877 3014 non
895 2962 976 3029 plena
993 2961 1110 3012 laboris?
1201 2972 1237 3008 100

386 3031 429 3084 En
449 3032 581 3089 Priamus.
619 3037 690 3090 Sunt
706 3036 751 3089 hic
769 3037 852 3090 ctiam
871 3054 920 3090 sua
937 3037 1060 3106 praemia
1077 3034 1166 3096 laudi;

386 3107 458 3161 Sunt
474 3108 603 3165 lacrimae
620 3130 713 3165 rorum
731 3116 760 3166 ot
778 3118 898 3167 mentem
917 3113 1042 3166 mortalia
1059 3113 1182 3175 tangmit.

385 3183 468 3238 Solve
486 3190 590 3252 motus;
608 3189 679 3242 feret
696 3188 764 3241 haec
781 3190 900 3257 aliquam
918 3189 968 3242 tibi
986 3188 1058 3240 lama
1076 3185 1199 3237 salutem.

386 3259 433 3313 Sic
450 3260 497 3327 ait,
517 3266 601 3331 atquc
613 3264 738 3317 animum
756 3265 864 3331 pictura
881 3265 968 3332 pascit
986 3261 1066 3326 inani,

386 3334 478 3389 Multa
495 3354 615 3405 gemens,
634 3340 766 3408 largoque
783 3339 923 3392 humectat
941 3339 1050 3391 flumine
1067 3335 1178 3389 voltum.
1202 3350 1238 3387 eoa

385 3410 515 3478 Namque
534 3414 649 3482 ridebat,
669 3416 710 3468 uti
730 3414 866 3470 bellantes
885 3416 1024 3486 Pergama
1040 3412 1149 3467 circum

372 3483 438 3534 Hac
452 3485 584 3551 fugerent
604 3491 689 3558 Graii,
709 3498 860 3561 premeret
877 3496 1006 3551 Troiana
1021 3493 1174 3552 iuuentus,

339 3553 427 3634 ,ΗΜ
442 3555 471 3605 Ρ
466 3556 577 3628 1¹¹780o
597 3565 724 3624 instaret
744 3586 838 3630 curru
858 3576 1005 3633 cristatus
1028 3567 1175 3628 Achilles.
