3242 4159
627 534 810 583 AENEIDOS
828 534 895 582 LIB.
915 536 980 583 XIl.
1186 541 1232 586 319

379 616 446 670 Nou
465 630 517 683 ego
533 629 583 669 nec
601 613 712 668 Teucris
731 613 817 667 Italos
834 630 931 682 parere
949 615 1056 684 iubebo,

379 692 406 746 N
410 709 442 746 cc
461 690 527 744 mihi
544 707 629 759 regna
645 693 725 759 peto;
743 689 856 759 paribus
872 707 902 744 se
919 691 1025 759 legibus
1042 693 1139 747 ambae
1198 709 1234 747 no

380 768 508 823 Invictas
524 772 621 835 gentes
638 770 750 821 aeterno
766 766 795 819 in
813 767 924 821 foedera
941 769 1060 822 mittant.

380 845 467 899 Sacra
484 842 605 911 deosque
622 842 710 908 dab03
728 858 805 896 socer
821 859 898 896 arma
914 843 1030 897 Latinus
1046 844 1154 913 habete,

381 919 525 989 Inperium
543 918 672 973 sollemne
689 934 779 984 sooer;
796 920 864 972 mihi
881 921 988 975 moenia
1005 922 1102 975 Teucri

382 996 567 1061 Constituent,
586 994 704 1063 urbique
722 994 801 1048 dabit
819 995 933 1051 Lavinia
948 1013 1054 1051 nomen.

382 1072 429 1126 Sic
446 1072 522 1140 prior
540 1073 666 1135 Aeneas3
683 1070 807 1138 sequitur
825 1071 864 1124 sic
879 1072 980 1126 deinde
998 1073 1119 1141 latinus,
1199 1080 1250 1126 ras·

382 1147 540 1215 Suspicione
558 1146 670 1211 caelum,
688 1145 836 1214 tenditque
853 1146 890 1200 ad
908 1147 999 1201 sidera
1017 1149 1155 1204 dextram:

383 1223 462 1277 Haec
479 1222 584 1290 eadem,
602 1224 706 1289 Aenea,
724 1222 845 1289 Terram,
863 1222 949 1290 Mare,
968 1221 1071 1291 Sidera,
1089 1224 1155 1289 iuro,

383 1299 560 1367 Latonaeque
577 1313 664 1365 genus
682 1297 792 1366 duplex,
812 1298 964 1366 Ianumque
982 1297 1137 1366 bifrontem,

382 1374 504 1443 Vimque
521 1373 604 1427 deum
620 1372 754 1427 infernam
772 1377 801 1427 et
820 1373 881 1426 duri
900 1373 1018 1427 sacraria
1035 1373 1122 1438 Ditis;

383 1449 493 1504 Audiat
509 1449 578 1502 haec
595 1448 717 1516 Genitor,
736 1449 783 1517 qui
801 1447 912 1501 foedera
929 1448 1042 1502 fulmine
1059 1450 1151 1503 sancit
1196 1463 1234 1501 ooo

383 1526 477 1593 Tango
494 1541 563 1592 oras,
581 1524 685 1577 medios
703 1524 773 1591 ignis
791 1528 822 1577 et
838 1524 950 1577 numina
967 1528 1067 1579 testor:

383 1601 409 1655 N
411 1600 468 1653 ulla
485 1600 545 1655 dies
562 1615 657 1668 pacem
675 1599 745 1653 hanc
763 1600 843 1653 Italis
860 1616 910 1654 nec
927 1600 1039 1655 foedera
1056 1604 1173 1669 rumpet,

384 1677 444 1741 Quo
462 1692 507 1730 res
524 1692 640 1744 cumque
658 1674 773 1740 cadent;
790 1692 841 1729 nec
858 1692 902 1728 mc
919 1676 961 1729 vis
977 1677 1033 1730 ulla
1050 1677 1186 1731 volentem

384 1752 519 1819 Avertet„
529 1767 590 1818 nou,
608 1751 631 1805 si
648 1751 776 1805 tellurem
794 1750 918 1805 effundat
934 1751 963 1803 in
980 1751 1076 1819 undas,

381 1826 494 1882 Diluvio
511 1827 634 1893 miscens,
653 1827 812 1894 caelumque
829 1826 858 1878 in
876 1826 992 1880 Tartara
1009 1827 1111 1893 solvot3
1195 1842 1232 1881 roe

383 1902 425 1956 Ut
437 1905 575 1971 sceptrum
586 1902 773 1956 hoc-dextra
784 1904 922 1968 sceptrum
929 1918 993 1955 nam
1000 1902 1072 1957 forte
1082 1903 1233 1971 gerebat-

384 1977 542 2046 Numquam
559 1976 657 2032 fronde
674 1977 727 2030 levi
745 1976 845 2030 fundet
861 1976 982 2043 virgulta
998 1994 1049 2031 nec
1065 1978 1185 2046 umbras,

384 2053 455 2108 Oum
473 2054 556 2107 semel
573 2053 603 2106 in
621 2053 696 2107 silvis
713 2053 768 2107 imo
785 2053 822 2107 do
840 2053 927 2123 stirpe
943 2054 1060 2109 recisum

384 2128 476 2183 Matre
494 2132 576 2197 earet,
594 2129 740 2197 posuitque
758 2145 849 2183 eomas
866 2133 896 2184 et
913 2129 1039 2185 bracchia
1055 2129 1143 2194 ferr0;

384 2203 459 2257 Olim
474 2203 574 2270 arbos;
592 2220 664 2257 nunc
680 2204 793 2257 artificis
809 2220 905 2258 manus
923 2222 987 2259 aere
1004 2206 1104 2260 decoro
1197 2220 1234 2259 uo

385 2280 507 2347 Inclusit,
525 2279 706 2349 patribusque
723 2279 802 2333 dedit
819 2282 929 2346 gestare
947 2280 1060 2334 Latinis.

384 2355 496 2410 'l'alibus
513 2355 587 2410 inter
604 2372 634 2410 se
651 2354 798 2409 firmabant
815 2356 928 2409 foedera
945 2355 1027 2409 dictis
1050 2408 1052 2413 .

385 2432 540 2500 Conspectu
556 2432 585 2485 in
601 2431 693 2484 medic
710 2447 861 2499 procorum.
897 2431 966 2484 'l'um
983 2430 1037 2484 rite
1054 2433 1174 2485 sacratas
1238 2449 1241 2456 ·

385 2507 421 2562 In
437 2506 575 2561 flammam
591 2507 716 2575 iugulant
732 2507 859 2576 pecudes,
877 2509 908 2559 et
924 2506 1028 2559 viscera
1045 2506 1113 2560 vivis

384 2582 521 2650 Eripiunt,
538 2583 731 2650 cumulantque
749 2582 868 2635 oneratis
885 2581 1007 2635 lancibus
1025 2597 1094 2635 aras.
1198 2596 1234 2637 sir

421 2660 462 2714 At
479 2675 544 2713 vero
562 2658 672 2713 Rutulis
689 2659 768 2727 inpar
785 2676 819 2713 ea
835 2675 928 2727 pugna
945 2658 1033 2711 videri

385 2734 560 2803 Iamdudum,
578 2737 608 2788 et
624 2734 699 2787 vario
716 2734 823 2788 misceri
840 2737 951 2801 pectora
967 2739 1062 2799 motu;

385 2812 455 2865 Tum
472 2810 567 2879 magis,
585 2814 618 2864 ut
634 2810 746 2878 propius
762 2813 878 2863 cernunt
895 2826 949 2863 non
967 2809 1070 2865 viribus
1087 2808 1195 2878 aequis.v

386 2887 510 2942 Adiuvat
526 2886 634 2941 incessu
651 2886 736 2939 tacito
752 2900 913 2953 progressus
929 2888 959 2939 et
976 2902 1052 2939 aram

385 2962 552 3031 Suppliciter
569 2977 702 3015 venerans
719 2960 838 3014 demisso
855 2961 956 3014 lumine
975 2960 1088 3027 Turnus,
1198 2975 1236 3013 uto

386 3038 579 3106 'tabentesque
596 3052 683 3105 genae
701 3039 731 3090 et
747 3034 865 3089 iuvenali
881 3036 910 3088 in
927 3051 1041 3104 corpore
1058 3035 1153 3103 pellor.

386 3113 475 3179 Quem
494 3112 574 3167 simul
592 3128 623 3165 ac
641 3112 758 3166 Iuturna
775 3128 851 3165 soror
869 3110 1028 3164 crebescero
1046 3110 1116 3163 vidit

386 3189 552 3256 Sermonem,
571 3192 601 3242 et
618 3188 690 3255 volgi
706 3187 813 3241 variare
830 3185 949 3239 labantia
966 3185 1058 3253 eorda,

387 3266 422 3320 In
439 3265 545 3319 medias
561 3264 641 3331 acies,
657 3263 772 3328 formam
789 3262 953 3316 adsimulata
970 3261 1133 3328 Camerti,—

386 3342 440 3397 (lui
456 3357 545 3410 genus
562 3356 579 3393 a
595 3339 704 3409 proavis
720 3339 825 3406 ingens,
842 3338 999 3407 clarumque
1017 3340 1147 3406 paternae
1199 3349 1239 3388 aas

386 3418 413 3472 N
415 3434 493 3472 omen
511 3419 572 3471 erat
590 3414 709 3486 virtutis,
727 3420 758 3471 et
775 3416 836 3487 ipse
854 3414 1011 3470 acerrimus
1025 3412 1151 3466 armis-
1222 3457 1225 3462 .

374 3492 411 3543 In
427 3492 534 3545 medias
552 3491 602 3548 dat
620 3510 683 3550 sesa
702 3494 789 3565 acies,
804 3493 888 3549 haud
903 3491 1009 3547 nescia.
1021 3500 1137 3547 rernm,

361 3563 563 3635 Rumoresque
579 3570 654 3627 serit
675 3571 788 3645 varios,
804 3588 842 3628 ac
861 3571 941 3628 tulis.
956 3568 1041 3622 intur
1050 3583 1062 3619 ι
