3242 4159
358 542 407 589 264
613 536 643 584 P.
662 532 819 583 VERGILI
838 530 1010 579 MARONIS

358 621 428 673 Tum
448 616 541 671 Bitian
558 614 703 669 ardentem
720 613 805 669 oculis
825 611 978 681 animisque
997 611 1174 681 frementem,

360 697 386 749 N
388 713 423 748 on
441 694 543 760 iaculo;
566 708 658 761 neque
676 691 749 746 enim
763 690 851 744 iaculo
868 688 954 743 vitam
972 688 1021 743 ille
1040 688 1180 756 dedissot;

361 770 417 824 Sed
434 786 564 838 magnum
584 768 704 822 stridens
723 770 850 821 contorta
866 764 1006 835 phalarica
1024 764 1111 833 venit,
1178 777 1213 821 tot
1273 783 1279 792 ·

361 846 495 900 Fulminis
511 849 573 900 acta
589 844 685 910 modo;
709 860 791 911 quam
809 859 860 897 nec
877 838 932 895 dno
949 844 1047 895 taurea
1064 844 1162 916 terga,-

361 922 387 975 N
389 938 420 975 cc
440 922 542 991 duplici
562 936 676 989 squama
695 919 780 973 lorica
798 918 888 972 fidelis
906 920 936 971 et
954 934 1022 971 auro

361 997 512 1063 Sustinuit3
530 996 657 1064 conlapsa
670 997 756 1049 ruunt
772 993 892 1048 inmania
908 993 1040 1048 membra

361 1074 418 1126 Dat
433 1073 515 1128 tellus
532 1072 672 1139 gemitum,
691 1074 721 1124 et
740 1069 857 1138 clipeum
874 1085 957 1138 super
974 1068 1085 1124 intonat
1100 1070 1204 1139 ingens

362 1148 434 1202 Talis
454 1149 482 1202 in
501 1148 621 1201 Euboico
639 1147 768 1201 Baiarum
787 1146 868 1199 litore
886 1146 1025 1215 quondam
1179 1160 1215 1202 πο

362 1225 450 1278 Saxea
468 1224 524 1294 pila
540 1224 622 1291 cadit,
644 1222 750 1291 magnis
769 1239 852 1290 quam
871 1220 989 1276 molibus
1007 1225 1074 1277 ante

363 1301 554 1355 Constructam
573 1303 657 1369 ponto
676 1297 792 1353 iaciunt:
817 1298 855 1352 sic
870 1297 917 1351 illa
935 1298 1043 1354 ruinam

364 1376 454 1430 Prona
471 1377 564 1443 trahit,
582 1376 746 1445 penitusque
764 1374 843 1428 vadis
860 1373 941 1427 inlisa
957 1374 1113 1441 recumbit;

363 1452 482 1507 Miscent
501 1470 531 1506 se
549 1452 641 1520 maria,
660 1454 689 1504 ct
707 1450 801 1519 nigrae
820 1449 984 1503 attolluntur
1004 1466 1122 1517 arenae3

364 1529 432 1581 Tum
447 1529 538 1582 sonitu
554 1527 689 1596 Prochyta
705 1527 762 1579 alta
773 1524 877 1593 tremit,
889 1522 1047 1595 durumque
1057 1526 1152 1583 cubile
1179 1540 1215 1584 ns

365 1603 484 1657 Inarime
503 1603 576 1656 Iovis
596 1602 709 1670 inperiis
727 1600 836 1669 inposta
855 1600 989 1669 Typhoeo,

332 1696 335 1700 ’
400 1679 454 1732 Hic
471 1677 547 1732 Mars
564 1679 733 1745 armipotens
750 1677 871 1731 animum
888 1677 1010 1745 virisque
1028 1677 1138 1735 Latinis

366 1755 490 1824 Addidit,
510 1758 539 1808 ct
556 1752 680 1807 stimulos
698 1752 768 1806 acris
786 1752 838 1805 sub
856 1756 968 1821 pectore
985 1753 1087 1821 vertit;

365 1831 528 1898 immisitque
546 1830 652 1898 Fugam
669 1828 780 1883 Teucris
798 1832 945 1897 atrumque
962 1828 1111 1887 Timorem.

365 1907 494 1974 Undique
512 1905 684 1972 conveniunt,
702 1905 830 1973 quoniam
848 1904 915 1959 data
931 1904 1010 1971 copia
1026 1909 1145 1976 pugnae,
1178 1920 1215 1963 m

366 1982 541 2048 Bellatorque
559 1980 649 2033 animo
668 1981 736 2033 deus
753 1979 858 2034 incidit.

367 2056 513 2123 Pandarus,
530 2059 562 2109 ut
579 2056 639 2108 fuso
656 2071 818 2122 germanum
835 2072 948 2125 corpore
965 2057 1062 2126 cernit,

366 2132 401 2185 llt
419 2147 472 2199 qno
490 2131 526 2183 sit
543 2131 652 2183 fortuna
669 2131 735 2198 loco,
754 2131 802 2200 qui
820 2147 898 2186 casus
915 2135 980 2200 agat
997 2149 1050 2200 res,

367 2208 477 2260 Portam
494 2206 521 2259 vi
539 2205 626 2259 multa
643 2222 772 2259 converso
783 2207 901 2261 cardine
919 2211 1039 2277 torquet,

366 2283 488 2336 Obnixus
506 2282 570 2336 latis
588 2281 715 2349 humeris,
733 2283 890 2352 multosque
907 2300 1018 2338 suorum
1179 2299 1215 2343 rm

365 2358 508 2411 Moenibus
525 2358 647 2413 exclusos
665 2359 734 2411 duro
751 2360 780 2410 in
797 2359 945 2414 certamino
961 2359 1075 2429 linquit;

367 2438 419 2489 Ast
437 2435 504 2489 alios
523 2451 615 2489 secum
632 2434 749 2488 includit
767 2434 920 2504 recipitque
937 2435 1051 2505 mentis,

364 2512 497 2565 Demens!
518 2511 565 2581 qui
583 2511 717 2565 Rutulum
734 2510 762 2563 in
780 2511 871 2564 medio
889 2528 943 2564 non
960 2511 1069 2579 agmine
1086 2528 1184 2580 regem

364 2587 476 2641 Viderit
493 2586 705 2656 inrumpentem,
722 2586 850 2655 ultroque
867 2587 1007 2641 incluserit
1024 2583 1098 2656 irbi,

365 2663 506 2715 Inmanem
524 2662 608 2715 veluti
626 2679 725 2729 pecora
742 2661 815 2715 inter
833 2661 932 2716 inertia
949 2662 1050 2730 tigrim.
1180 2678 1218 2721 rm

364 2738 500 2791 Continuo
517 2753 586 2790 nova
603 2736 651 2789 lux
670 2738 753 2790 oculis
771 2737 880 2806 offulsit,
898 2741 928 2792 et
945 2754 1021 2792 arma

364 2811 541 2866 Horrendum
559 2827 674 2864 sonuere
683 2833 689 2877 ;
708 2816 831 2868 tremunt
847 2814 876 2866 in
893 2814 997 2868 vertice
1014 2816 1116 2871 cristae

364 2888 541 2956 Sanguinoac,
560 2886 701 2955 clipeoque
719 2889 849 2944 micantia
864 2890 980 2944 fulmina
996 2892 1094 2947 mittit.

364 2966 545 3033 Adgnoscunt
562 2963 660 3016 facicm
677 2963 792 3018 invisam
810 2969 894 3034 atque
911 2966 1031 3021 inmania
1048 2968 1175 3024 membra

364 3040 478 3095 Turbati
496 3039 588 3093 subito
607 3040 764 3094 Aeneadae.
801 3041 870 3095 Tum
889 3043 1031 3096 Pandarus
1048 3044 1147 3111 ingens
1181 3059 1218 3101 ⁷²¹⁵

364 3118 478 3182 Emicat,
497 3119 526 3170 ct
544 3116 641 3170 mortis
658 3116 797 3170 fraternae
815 3117 937 3171 fervidus
954 3118 997 3171 ira

364 3193 482 3246 llffatur:
502 3192 564 3246 Non
581 3192 649 3246 haec
668 3191 767 3245 dotalis
785 3193 862 3260 regia
880 3193 1014 3260 Amatae;

364 3269 390 3321 N
392 3286 423 3322 oc
440 3268 526 3321 muris
543 3268 653 3322 cohibct
669 3268 767 3335 patriis
785 3268 878 3322 media
895 3269 991 3324 Ardea
1008 3270 1139 3326 Turnum.

365 3345 462 3397 Castra
479 3343 589 3396 inimica
606 3343 699 3409 vidcs;
716 3344 790 3397 nulla
807 3343 870 3398 hinc
888 3345 964 3400 exire
981 3349 1113 3415 potestas

355 3420 411 3475 Olli
426 3420 581 3477 subridens
600 3420 699 3477 sedato
715 3422 830 3491 pectore
845 3420 971 3474 'lurnusz
1183 3436 1220 3479 rm

344 3499 449 3571 incipe,
469 3501 498 3557 si
519 3519 577 3573 qua
595 3500 694 3557 animo
712 3500 815 3567 virtus,
832 3500 865 3551 ct
882 3511 997 3549 consero
1013 3494 1162 3556 bertram,

327 3574 389 3633 Hic
409 3580 507 3637 etiam
528 3580 690 3638 inventum
709 3577 830 3635 Priamo
847 3570 985 3629 namus
1003 3563 1143 3621 senilem.
