<?xml version="1.0" encoding="UTF-8"?>
<!DOCTYPE html PUBLIC "-//W3C//DTD XHTML 1.0 Transitional//EN"
    "http://www.w3.org/TR/xhtml1/DTD/xhtml1-transitional.dtd">
<html xmlns="http://www.w3.org/1999/xhtml" xml:lang="en" lang="en">
 <head>
  <title>
</title>
<meta http-equiv="Content-Type" content="text/html;charset=utf-8" />
  <meta name='ocr-system' content='tesseract 3.04.00' />
  <meta name='ocr-capabilities' content='ocr_page ocr_carea ocr_par ocr_line ocrx_word'/>
</head>
<body>
  <div class='ocr_page' id='page_1' title='image "./publivergilimar00conigoog/publivergilimar00conigoog_0111.png"; bbox 0 0 3242 4159; ppageno 0'>
   <div class='ocr_carea' id='block_1_1' title="bbox 669 516 1247 569">
    <p class='ocr_par' dir='ltr' id='par_1_1' title="bbox 669 516 1247 569">
     <span class='ocr_line' id='line_1_1' title="bbox 669 516 1247 569; baseline 0.005 -3"><span class='ocrx_word' id='word_1_1' title='bbox 669 516 853 568; x_wconf 82' lang='lat' dir='ltr'>AENEIDOS</span> <span class='ocrx_word' id='word_1_2' title='bbox 870 518 939 568; x_wconf 90' lang='lat' dir='ltr'>LIB.</span> <span class='ocrx_word' id='word_1_3' title='bbox 958 519 982 568; x_wconf 94' lang='grc' dir='ltr'><strong>Ι.</strong></span> <span class='ocrx_word' id='word_1_4' title='bbox 1218 522 1247 569; x_wconf 85' lang='grc'><strong>91</strong></span> 
     </span>
    </p>
   </div>
   <div class='ocr_carea' id='block_1_2' title="bbox 337 591 1261 3567">
    <p class='ocr_par' dir='ltr' id='par_1_2' title="bbox 390 591 1070 666">
     <span class='ocr_line' id='line_1_2' title="bbox 390 591 1070 666; baseline 0.004 -17"><span class='ocrx_word' id='word_1_5' title='bbox 390 591 503 664; x_wconf 83' lang='lat' dir='ltr'><strong>Impius</strong></span> <span class='ocrx_word' id='word_1_6' title='bbox 519 597 585 649; x_wconf 89' lang='lat' dir='ltr'><strong>ante</strong></span> <span class='ocrx_word' id='word_1_7' title='bbox 602 612 664 649; x_wconf 86' lang='lat' dir='ltr'><strong>aras</strong></span> <span class='ocrx_word' id='word_1_8' title='bbox 682 599 767 666; x_wconf 86' lang='lat' dir='ltr'><strong>atque</strong></span> <span class='ocrx_word' id='word_1_9' title='bbox 784 598 845 651; x_wconf 88' lang='lat' dir='ltr'><strong>auri</strong></span> <span class='ocrx_word' id='word_1_10' title='bbox 863 614 959 652; x_wconf 76' lang='lat' dir='ltr'><strong>enecas</strong></span> <span class='ocrx_word' id='word_1_11' title='bbox 977 615 1070 654; x_wconf 87' lang='lat' dir='ltr'><strong>amore</strong></span> 
     </span>
    </p>

    <p class='ocr_par' dir='ltr' id='par_1_3' title="bbox 337 671 1132 820">
     <span class='ocr_line' id='line_1_3' title="bbox 337 671 1132 744; baseline 0.004 -18"><span class='ocrx_word' id='word_1_12' title='bbox 337 695 362 744; x_wconf 59' lang='lat' dir='ltr'><strong>s.</strong></span> <span class='ocrx_word' id='word_1_13' title='bbox 390 671 473 726; x_wconf 88' lang='lat' dir='ltr'><strong>Olam</strong></span> <span class='ocrx_word' id='word_1_14' title='bbox 490 671 564 725; x_wconf 83' lang='lat' dir='ltr'><strong>ferra</strong></span> <span class='ocrx_word' id='word_1_15' title='bbox 581 672 720 727; x_wconf 89' lang='lat' dir='ltr'><strong>incautum</strong></span> <span class='ocrx_word' id='word_1_16' title='bbox 739 676 860 741; x_wconf 88' lang='lat' dir='ltr'><strong>superat,</strong></span> <span class='ocrx_word' id='word_1_17' title='bbox 879 691 991 727; x_wconf 89' lang='lat' dir='ltr'><strong>securus</strong></span> <span class='ocrx_word' id='word_1_18' title='bbox 1008 692 1132 729; x_wconf 88' lang='lat' dir='ltr'><strong>amorum</strong></span> 
     </span>
     <span class='ocr_line' id='line_1_4' title="bbox 390 747 1118 820; baseline 0.004 -18"><span class='ocrx_word' id='word_1_19' title='bbox 390 747 563 814; x_wconf 80' lang='lat' dir='ltr'><strong>Germanae3</strong></span> <span class='ocrx_word' id='word_1_20' title='bbox 579 749 739 817; x_wconf 83' lang='lat' dir='ltr'><strong>factumque</strong></span> <span class='ocrx_word' id='word_1_21' title='bbox 757 750 806 802; x_wconf 90' lang='lat' dir='ltr'><strong>diu</strong></span> <span class='ocrx_word' id='word_1_22' title='bbox 823 749 931 816; x_wconf 84' lang='lat' dir='ltr'><strong>celavit,</strong></span> <span class='ocrx_word' id='word_1_23' title='bbox 950 754 979 804; x_wconf 90' lang='lat' dir='ltr'><strong>et</strong></span> <span class='ocrx_word' id='word_1_24' title='bbox 998 767 1118 820; x_wconf 80' lang='lat' dir='ltr'>aegram,</span> 
     </span>
    </p>

    <p class='ocr_par' dir='ltr' id='par_1_4' title="bbox 390 822 1146 971">
     <span class='ocr_line' id='line_1_5' title="bbox 390 822 1146 894; baseline 0.007 -17"><span class='ocrx_word' id='word_1_25' title='bbox 390 822 485 878; x_wconf 81' lang='lat' dir='ltr'><strong>Multa</strong></span> <span class='ocrx_word' id='word_1_26' title='bbox 502 824 590 878; x_wconf 88' lang='lat' dir='ltr'><strong>malus</strong></span> <span class='ocrx_word' id='word_1_27' title='bbox 608 825 743 890; x_wconf 83' lang='lat' dir='ltr'><strong>simulans,</strong></span> <span class='ocrx_word' id='word_1_28' title='bbox 762 842 833 879; x_wconf 85' lang='lat' dir='ltr'><strong>vana</strong></span> <span class='ocrx_word' id='word_1_29' title='bbox 849 842 898 894; x_wconf 90' lang='lat' dir='ltr'><strong>spe</strong></span> <span class='ocrx_word' id='word_1_30' title='bbox 916 827 983 880; x_wconf 90' lang='lat' dir='ltr'><strong>lusit</strong></span> <span class='ocrx_word' id='word_1_31' title='bbox 1001 832 1146 882; x_wconf 88' lang='lat' dir='ltr'><strong>amantem.</strong></span> 
     </span>
     <span class='ocr_line' id='line_1_6' title="bbox 391 901 1048 971; baseline 0.002 -17"><span class='ocrx_word' id='word_1_32' title='bbox 391 901 461 970; x_wconf 89' lang='lat' dir='ltr'><strong>Ipsa</strong></span> <span class='ocrx_word' id='word_1_33' title='bbox 478 901 574 955; x_wconf 85' lang='lat' dir='ltr'><strong>sedin</strong></span> <span class='ocrx_word' id='word_1_34' title='bbox 593 902 694 956; x_wconf 90' lang='lat' dir='ltr'><strong>somnis</strong></span> <span class='ocrx_word' id='word_1_35' title='bbox 710 902 847 957; x_wconf 84' lang='lat' dir='ltr'><strong>inhumati</strong></span> <span class='ocrx_word' id='word_1_36' title='bbox 864 903 940 958; x_wconf 86' lang='lat' dir='ltr'><strong>venit</strong></span> <span class='ocrx_word' id='word_1_37' title='bbox 957 904 1048 971; x_wconf 86' lang='lat' dir='ltr'><strong>imago</strong></span> 
     </span>
    </p>

    <p class='ocr_par' dir='ltr' id='par_1_5' title="bbox 391 977 1087 1125">
     <span class='ocr_line' id='line_1_7' title="bbox 392 977 1087 1047; baseline 0.004 -15"><span class='ocrx_word' id='word_1_38' title='bbox 392 977 531 1045; x_wconf 81' lang='lat' dir='ltr'><strong>Coniugis,</strong></span> <span class='ocrx_word' id='word_1_39' title='bbox 550 994 598 1031; x_wconf 91' lang='lat' dir='ltr'><strong>ora</strong></span> <span class='ocrx_word' id='word_1_40' title='bbox 615 978 705 1032; x_wconf 87' lang='lat' dir='ltr'><strong>modis</strong></span> <span class='ocrx_word' id='word_1_41' title='bbox 722 979 852 1033; x_wconf 89' lang='lat' dir='ltr'><strong>attollens</strong></span> <span class='ocrx_word' id='word_1_42' title='bbox 871 979 975 1047; x_wconf 87' lang='lat' dir='ltr'><strong>pallida</strong></span> <span class='ocrx_word' id='word_1_43' title='bbox 992 980 1087 1046; x_wconf 79' lang='lat' dir='ltr'><strong>miris3</strong></span> 
     </span>
     <span class='ocr_line' id='line_1_8' title="bbox 391 1053 1015 1125; baseline 0.002 -17"><span class='ocrx_word' id='word_1_44' title='bbox 391 1053 522 1108; x_wconf 80' lang='lat' dir='ltr'>Crudelis</span> <span class='ocrx_word' id='word_1_45' title='bbox 539 1070 602 1108; x_wconf 88' lang='lat' dir='ltr'><strong>aras</strong></span> <span class='ocrx_word' id='word_1_46' title='bbox 619 1056 792 1124; x_wconf 84' lang='lat' dir='ltr'><strong>traiectaque</strong></span> <span class='ocrx_word' id='word_1_47' title='bbox 809 1059 924 1125; x_wconf 88' lang='lat' dir='ltr'><strong>pectora</strong></span> <span class='ocrx_word' id='word_1_48' title='bbox 941 1056 1015 1110; x_wconf 88' lang='lat' dir='ltr'><strong>ferro</strong></span> 
     </span>
    </p>

    <p class='ocr_par' dir='ltr' id='par_1_6' title="bbox 391 1128 1162 1351">
     <span class='ocr_line' id='line_1_9' title="bbox 391 1128 1162 1200; baseline 0.008 -19"><span class='ocrx_word' id='word_1_49' title='bbox 391 1128 420 1182; x_wconf 87' lang='lat' dir='ltr'>N</span> <span class='ocrx_word' id='word_1_50' title='bbox 421 1129 527 1197; x_wconf 88' lang='lat' dir='ltr'><strong>udavit,</strong></span> <span class='ocrx_word' id='word_1_51' title='bbox 544 1146 711 1200; x_wconf 83' lang='lat' dir='ltr'><strong>caecumque</strong></span> <span class='ocrx_word' id='word_1_52' title='bbox 729 1131 827 1185; x_wconf 91' lang='lat' dir='ltr'><strong>domus</strong></span> <span class='ocrx_word' id='word_1_53' title='bbox 846 1132 934 1185; x_wconf 92' lang='lat' dir='ltr'><strong>scelus</strong></span> <span class='ocrx_word' id='word_1_54' title='bbox 952 1146 1032 1187; x_wconf 89' lang='lat' dir='ltr'><strong>omne</strong></span> <span class='ocrx_word' id='word_1_55' title='bbox 1049 1134 1162 1187; x_wconf 79' lang='lat' dir='ltr'><strong>retexit.</strong></span> 
     </span>
     <span class='ocr_line' id='line_1_10' title="bbox 392 1204 1155 1278; baseline 0.008 -21"><span class='ocrx_word' id='word_1_56' title='bbox 392 1204 464 1259; x_wconf 91' lang='lat' dir='ltr'><strong>Tum</strong></span> <span class='ocrx_word' id='word_1_57' title='bbox 482 1206 602 1260; x_wconf 87' lang='lat' dir='ltr'><strong>celerare</strong></span> <span class='ocrx_word' id='word_1_58' title='bbox 619 1206 712 1275; x_wconf 84' lang='lat' dir='ltr'><strong>fugam</strong></span> <span class='ocrx_word' id='word_1_59' title='bbox 730 1208 877 1276; x_wconf 85' lang='lat' dir='ltr'><strong>patriaque</strong></span> <span class='ocrx_word' id='word_1_60' title='bbox 895 1209 1030 1261; x_wconf 81' lang='lat' dir='ltr'><strong>excedere</strong></span> <span class='ocrx_word' id='word_1_61' title='bbox 1048 1210 1155 1278; x_wconf 78' lang='lat' dir='ltr'><strong>suadet,</strong></span> 
     </span>
     <span class='ocr_line' id='line_1_11' title="bbox 392 1282 1048 1351; baseline 0.005 -16"><span class='ocrx_word' id='word_1_62' title='bbox 392 1282 593 1351; x_wconf 81' lang='lat' dir='ltr'><strong>Auxiliumque</strong></span> <span class='ocrx_word' id='word_1_63' title='bbox 610 1284 671 1337; x_wconf 85' lang='lat' dir='ltr'><strong>viae</strong></span> <span class='ocrx_word' id='word_1_64' title='bbox 689 1284 790 1337; x_wconf 87' lang='lat' dir='ltr'><strong>veteris</strong></span> <span class='ocrx_word' id='word_1_65' title='bbox 809 1284 910 1337; x_wconf 90' lang='lat' dir='ltr'><strong>tellure</strong></span> <span class='ocrx_word' id='word_1_66' title='bbox 929 1284 1048 1338; x_wconf 80' lang='lat' dir='ltr'><strong>recludit</strong></span> 
     </span>
    </p>

    <p class='ocr_par' dir='ltr' id='par_1_7' title="bbox 392 1358 1077 1428">
     <span class='ocr_line' id='line_1_12' title="bbox 392 1358 1077 1428; baseline 0.004 -17"><span class='ocrx_word' id='word_1_67' title='bbox 392 1358 554 1425; x_wconf 80' lang='lat' dir='ltr'><strong>Thesauros,</strong></span> <span class='ocrx_word' id='word_1_68' title='bbox 572 1361 696 1427; x_wconf 89' lang='lat' dir='ltr'><strong>ignotum</strong></span> <span class='ocrx_word' id='word_1_69' title='bbox 715 1362 822 1428; x_wconf 81' lang='lat' dir='ltr'><strong>argenti</strong></span> <span class='ocrx_word' id='word_1_70' title='bbox 838 1360 946 1428; x_wconf 89' lang='lat' dir='ltr'><strong>pondus</strong></span> <span class='ocrx_word' id='word_1_71' title='bbox 965 1365 994 1414; x_wconf 92' lang='lat' dir='ltr'><strong>et</strong></span> <span class='ocrx_word' id='word_1_72' title='bbox 1011 1362 1077 1414; x_wconf 90' lang='lat' dir='ltr'><strong>auri.</strong></span> 
     </span>
    </p>

    <p class='ocr_par' dir='ltr' id='par_1_8' title="bbox 392 1434 1235 1886">
     <span class='ocr_line' id='line_1_13' title="bbox 392 1434 1103 1506; baseline 0.006 -19"><span class='ocrx_word' id='word_1_73' title='bbox 392 1434 448 1487; x_wconf 88' lang='lat' dir='ltr'><strong>His</strong></span> <span class='ocrx_word' id='word_1_74' title='bbox 464 1439 601 1489; x_wconf 88' lang='lat' dir='ltr'><strong>commota</strong></span> <span class='ocrx_word' id='word_1_75' title='bbox 618 1436 710 1504; x_wconf 83' lang='lat' dir='ltr'><strong>fugam</strong></span> <span class='ocrx_word' id='word_1_76' title='bbox 729 1436 802 1489; x_wconf 85' lang='lat' dir='ltr'><strong>Dido</strong></span> <span class='ocrx_word' id='word_1_77' title='bbox 820 1437 962 1505; x_wconf 88' lang='lat' dir='ltr'><strong>sociosque</strong></span> <span class='ocrx_word' id='word_1_78' title='bbox 979 1438 1103 1506; x_wconf 90' lang='lat' dir='ltr'><strong>parabat.</strong></span> 
     </span>
     <span class='ocr_line' id='line_1_14' title="bbox 392 1508 1235 1583; baseline 0.004 -18"><span class='ocrx_word' id='word_1_79' title='bbox 392 1510 572 1580; x_wconf 82' lang='lat' dir='ltr'><strong>Conveniunt,</strong></span> <span class='ocrx_word' id='word_1_80' title='bbox 591 1512 691 1580; x_wconf 91' lang='lat' dir='ltr'><strong>quibus</strong></span> <span class='ocrx_word' id='word_1_81' title='bbox 709 1516 758 1565; x_wconf 89' lang='lat' dir='ltr'><strong>aut</strong></span> <span class='ocrx_word' id='word_1_82' title='bbox 776 1513 869 1566; x_wconf 92' lang='lat' dir='ltr'><strong>odium</strong></span> <span class='ocrx_word' id='word_1_83' title='bbox 888 1514 999 1567; x_wconf 88' lang='lat' dir='ltr'><strong>crudele</strong></span> <span class='ocrx_word' id='word_1_84' title='bbox 1017 1514 1125 1583; x_wconf 75' lang='lat' dir='ltr'><strong>tyranni</strong></span> <span class='ocrx_word' id='word_1_85' title='bbox 1232 1508 1235 1514; x_wconf 76' lang='grc'><strong>’</strong></span> 
     </span>
     <span class='ocr_line' id='line_1_15' title="bbox 393 1586 1174 1659; baseline 0.005 -19"><span class='ocrx_word' id='word_1_86' title='bbox 393 1586 455 1641; x_wconf 84' lang='lat' dir='ltr'><strong>Aut</strong></span> <span class='ocrx_word' id='word_1_87' title='bbox 472 1592 563 1642; x_wconf 89' lang='lat' dir='ltr'><strong>metus</strong></span> <span class='ocrx_word' id='word_1_88' title='bbox 580 1605 645 1642; x_wconf 86' lang='lat' dir='ltr'><strong>acer</strong></span> <span class='ocrx_word' id='word_1_89' title='bbox 663 1592 738 1654; x_wconf 80' lang='lat' dir='ltr'><strong>erat3</strong></span> <span class='ocrx_word' id='word_1_90' title='bbox 756 1590 840 1655; x_wconf 87' lang='lat' dir='ltr'><strong>navis,</strong></span> <span class='ocrx_word' id='word_1_91' title='bbox 859 1606 930 1658; x_wconf 88' lang='lat' dir='ltr'><strong>quae</strong></span> <span class='ocrx_word' id='word_1_92' title='bbox 947 1592 1019 1644; x_wconf 88' lang='lat' dir='ltr'><strong>forte</strong></span> <span class='ocrx_word' id='word_1_93' title='bbox 1037 1594 1174 1659; x_wconf 87' lang='lat' dir='ltr'><strong>paratae,-</strong></span> 
     </span>
     <span class='ocr_line' id='line_1_16' title="bbox 392 1663 1109 1734; baseline 0.006 -18"><span class='ocrx_word' id='word_1_94' title='bbox 392 1663 560 1733; x_wconf 82' lang='lat' dir='ltr'><strong>Oorripiunt,</strong></span> <span class='ocrx_word' id='word_1_95' title='bbox 579 1669 750 1734; x_wconf 83' lang='lat' dir='ltr'><strong>onerantque</strong></span> <span class='ocrx_word' id='word_1_96' title='bbox 769 1682 852 1730; x_wconf 88' lang='lat' dir='ltr'><strong>auro;</strong></span> <span class='ocrx_word' id='word_1_97' title='bbox 870 1670 1017 1734; x_wconf 89' lang='lat' dir='ltr'><strong>portantur</strong></span> <span class='ocrx_word' id='word_1_98' title='bbox 1034 1667 1109 1720; x_wconf 85' lang='lat' dir='ltr'><strong>avari</strong></span> 
     </span>
     <span class='ocr_line' id='line_1_17' title="bbox 392 1739 1081 1811; baseline 0.004 -19"><span class='ocrx_word' id='word_1_99' title='bbox 392 1739 577 1809; x_wconf 77' lang='lat' dir='ltr'><strong>Pygmalionis</strong></span> <span class='ocrx_word' id='word_1_100' title='bbox 595 1758 661 1811; x_wconf 87' lang='lat' dir='ltr'><strong>opes</strong></span> <span class='ocrx_word' id='word_1_101' title='bbox 678 1742 792 1810; x_wconf 82' lang='lat' dir='ltr'><strong>pelag03</strong></span> <span class='ocrx_word' id='word_1_102' title='bbox 811 1742 869 1794; x_wconf 86' lang='lat' dir='ltr'><strong>dux</strong></span> <span class='ocrx_word' id='word_1_103' title='bbox 888 1742 989 1795; x_wconf 88' lang='lat' dir='ltr'><strong>femina</strong></span> <span class='ocrx_word' id='word_1_104' title='bbox 1007 1741 1081 1795; x_wconf 83' lang='lat' dir='ltr'><strong>facti.</strong></span> 
     </span>
     <span class='ocr_line' id='line_1_18' title="bbox 392 1800 1039 1886; baseline 0.002 -16"><span class='ocrx_word' id='word_1_105' title='bbox 392 1800 635 1886; x_wconf 63' lang='lat' dir='ltr'><strong>Deveneroiocos,</strong></span> <span class='ocrx_word' id='word_1_106' title='bbox 654 1819 701 1871; x_wconf 92' lang='lat' dir='ltr'><strong>ubi</strong></span> <span class='ocrx_word' id='word_1_107' title='bbox 720 1834 791 1871; x_wconf 89' lang='lat' dir='ltr'><strong>nunc</strong></span> <span class='ocrx_word' id='word_1_108' title='bbox 809 1818 932 1884; x_wconf 88' lang='lat' dir='ltr'><strong>ingentia</strong></span> <span class='ocrx_word' id='word_1_109' title='bbox 951 1817 1039 1871; x_wconf 87' lang='lat' dir='ltr'><strong>cernis</strong></span> 
     </span>
    </p>

    <p class='ocr_par' dir='ltr' id='par_1_9' title="bbox 391 1892 1155 2039">
     <span class='ocr_line' id='line_1_19' title="bbox 391 1892 1155 1964; baseline 0.003 -18"><span class='ocrx_word' id='word_1_110' title='bbox 391 1892 504 1947; x_wconf 88' lang='lat' dir='ltr'><strong>Moenia</strong></span> <span class='ocrx_word' id='word_1_111' title='bbox 522 1898 735 1963; x_wconf 80' lang='lat' dir='ltr'><strong>surgentemque</strong></span> <span class='ocrx_word' id='word_1_112' title='bbox 752 1911 839 1948; x_wconf 84' lang='lat' dir='ltr'><strong>novae</strong></span> <span class='ocrx_word' id='word_1_113' title='bbox 859 1895 1038 1963; x_wconf 80' lang='lat' dir='ltr'><strong>Karthaginis</strong></span> <span class='ocrx_word' id='word_1_114' title='bbox 1056 1911 1155 1964; x_wconf 89' lang='lat' dir='ltr'><strong>arcem,</strong></span> 
     </span>
     <span class='ocr_line' id='line_1_20' title="bbox 391 1969 1086 2039; baseline 0.001 -17"><span class='ocrx_word' id='word_1_115' title='bbox 391 1969 567 2038; x_wconf 88' lang='lat' dir='ltr'><strong>Mercatique</strong></span> <span class='ocrx_word' id='word_1_116' title='bbox 584 1970 679 2038; x_wconf 86' lang='lat' dir='ltr'><strong>solum,</strong></span> <span class='ocrx_word' id='word_1_117' title='bbox 697 1970 764 2024; x_wconf 87' lang='lat' dir='ltr'><strong>facti</strong></span> <span class='ocrx_word' id='word_1_118' title='bbox 782 1971 819 2024; x_wconf 87' lang='lat' dir='ltr'><strong>de</strong></span> <span class='ocrx_word' id='word_1_119' title='bbox 836 1971 945 2025; x_wconf 90' lang='lat' dir='ltr'><strong>nomine</strong></span> <span class='ocrx_word' id='word_1_120' title='bbox 963 1971 1086 2039; x_wconf 81' lang='lat' dir='ltr'><strong>Byrsam,</strong></span> 
     </span>
    </p>

    <p class='ocr_par' dir='ltr' id='par_1_10' title="bbox 392 2044 1090 2116">
     <span class='ocr_line' id='line_1_21' title="bbox 392 2044 1090 2116; baseline 0.004 -18"><span class='ocrx_word' id='word_1_121' title='bbox 392 2044 511 2099; x_wconf 82' lang='lat' dir='ltr'><strong>Taurino</strong></span> <span class='ocrx_word' id='word_1_122' title='bbox 529 2051 663 2115; x_wconf 87' lang='lat' dir='ltr'><strong>quantum</strong></span> <span class='ocrx_word' id='word_1_123' title='bbox 681 2050 794 2116; x_wconf 90' lang='lat' dir='ltr'><strong>possent</strong></span> <span class='ocrx_word' id='word_1_124' title='bbox 812 2047 983 2101; x_wconf 89' lang='lat' dir='ltr'><strong>circumdare</strong></span> <span class='ocrx_word' id='word_1_125' title='bbox 1003 2052 1090 2116; x_wconf 89' lang='lat' dir='ltr'><strong>tergo.</strong></span> 
     </span>
    </p>

    <p class='ocr_par' dir='ltr' id='par_1_11' title="bbox 391 2120 1247 2345">
     <span class='ocr_line' id='line_1_22' title="bbox 391 2120 1171 2192; baseline 0.003 -17"><span class='ocrx_word' id='word_1_126' title='bbox 391 2120 451 2175; x_wconf 82' lang='lat' dir='ltr'><strong>Sed</strong></span> <span class='ocrx_word' id='word_1_127' title='bbox 467 2137 515 2176; x_wconf 89' lang='lat' dir='ltr'><strong>vos</strong></span> <span class='ocrx_word' id='word_1_128' title='bbox 534 2123 581 2191; x_wconf 91' lang='lat' dir='ltr'><strong>qui</strong></span> <span class='ocrx_word' id='word_1_129' title='bbox 599 2122 719 2190; x_wconf 88' lang='lat' dir='ltr'><strong>tandem,</strong></span> <span class='ocrx_word' id='word_1_130' title='bbox 739 2123 839 2192; x_wconf 90' lang='lat' dir='ltr'><strong>quibus</strong></span> <span class='ocrx_word' id='word_1_131' title='bbox 857 2128 905 2177; x_wconf 91' lang='lat' dir='ltr'><strong>aut</strong></span> <span class='ocrx_word' id='word_1_132' title='bbox 922 2124 1036 2178; x_wconf 85' lang='lat' dir='ltr'><strong>venistis</strong></span> <span class='ocrx_word' id='word_1_133' title='bbox 1054 2124 1090 2177; x_wconf 92' lang='lat' dir='ltr'><strong>ab</strong></span> <span class='ocrx_word' id='word_1_134' title='bbox 1108 2124 1171 2191; x_wconf 89' lang='lat' dir='ltr'><strong>oris,</strong></span> 
     </span>
     <span class='ocr_line' id='line_1_23' title="bbox 391 2197 1247 2265; baseline 0.006 -14"><span class='ocrx_word' id='word_1_135' title='bbox 391 2197 489 2262; x_wconf 85' lang='lat' dir='ltr'><strong>Quove</strong></span> <span class='ocrx_word' id='word_1_136' title='bbox 506 2199 609 2253; x_wconf 88' lang='lat' dir='ltr'><strong>tenetis</strong></span> <span class='ocrx_word' id='word_1_137' title='bbox 627 2200 698 2254; x_wconf 80' lang='lat' dir='ltr'><strong>iteri</strong></span> <span class='ocrx_word' id='word_1_138' title='bbox 726 2201 876 2265; x_wconf 76' lang='lat' dir='ltr'><strong>Quaerenti</strong></span> <span class='ocrx_word' id='word_1_139' title='bbox 894 2200 997 2254; x_wconf 86' lang='lat' dir='ltr'><strong>talibus</strong></span> <span class='ocrx_word' id='word_1_140' title='bbox 1014 2201 1062 2254; x_wconf 92' lang='lat' dir='ltr'><strong>ille</strong></span> <span class='ocrx_word' id='word_1_141' title='bbox 1210 2215 1247 2256; x_wconf 74' lang='lat'><strong>37⁰</strong></span> 
     </span>
     <span class='ocr_line' id='line_1_24' title="bbox 391 2273 1085 2345; baseline 0.004 -17"><span class='ocrx_word' id='word_1_142' title='bbox 391 2273 538 2342; x_wconf 83' lang='lat' dir='ltr'><strong>Suspirans</strong></span> <span class='ocrx_word' id='word_1_143' title='bbox 556 2274 666 2345; x_wconf 88' lang='lat' dir='ltr'><strong>imoque</strong></span> <span class='ocrx_word' id='word_1_144' title='bbox 684 2275 797 2329; x_wconf 86' lang='lat' dir='ltr'><strong>trahens</strong></span> <span class='ocrx_word' id='word_1_145' title='bbox 815 2294 832 2329; x_wconf 91' lang='lat' dir='ltr'><strong>a</strong></span> <span class='ocrx_word' id='word_1_146' title='bbox 849 2280 961 2343; x_wconf 87' lang='lat' dir='ltr'><strong>pectore</strong></span> <span class='ocrx_word' id='word_1_147' title='bbox 978 2293 1085 2331; x_wconf 89' lang='lat' dir='ltr'><strong>vocem:</strong></span> 
     </span>
    </p>

    <p class='ocr_par' dir='ltr' id='par_1_12' title="bbox 391 2350 1138 2571">
     <span class='ocr_line' id='line_1_25' title="bbox 428 2350 1138 2421; baseline 0.001 -18"><span class='ocrx_word' id='word_1_148' title='bbox 428 2350 453 2403; x_wconf 92' lang='grc' dir='ltr'>Ο</span> <span class='ocrx_word' id='word_1_149' title='bbox 471 2351 531 2419; x_wconf 89' lang='lat' dir='ltr'><strong>dea,</strong></span> <span class='ocrx_word' id='word_1_150' title='bbox 549 2351 573 2404; x_wconf 92' lang='lat' dir='ltr'><strong>si</strong></span> <span class='ocrx_word' id='word_1_151' title='bbox 590 2351 678 2420; x_wconf 91' lang='lat' dir='ltr'><strong>prima</strong></span> <span class='ocrx_word' id='word_1_152' title='bbox 695 2356 824 2420; x_wconf 88' lang='lat' dir='ltr'><strong>repetens</strong></span> <span class='ocrx_word' id='word_1_153' title='bbox 842 2352 877 2405; x_wconf 89' lang='lat' dir='ltr'><strong>ab</strong></span> <span class='ocrx_word' id='word_1_154' title='bbox 896 2354 1000 2420; x_wconf 87' lang='lat' dir='ltr'><strong>origine</strong></span> <span class='ocrx_word' id='word_1_155' title='bbox 1018 2369 1138 2421; x_wconf 86' lang='lat' dir='ltr'><strong>pergam,</strong></span> 
     </span>
     <span class='ocr_line' id='line_1_26' title="bbox 391 2426 1085 2495; baseline 0 -16"><span class='ocrx_word' id='word_1_156' title='bbox 391 2426 431 2480; x_wconf 84' lang='lat' dir='ltr'><strong>Et</strong></span> <span class='ocrx_word' id='word_1_157' title='bbox 448 2430 528 2481; x_wconf 83' lang='lat' dir='ltr'><strong>vacet</strong></span> <span class='ocrx_word' id='word_1_158' title='bbox 545 2427 649 2481; x_wconf 70' lang='lat' dir='ltr'><strong>arandis</strong></span> <span class='ocrx_word' id='word_1_159' title='bbox 666 2431 822 2480; x_wconf 90' lang='lat' dir='ltr'><strong>nostrorum</strong></span> <span class='ocrx_word' id='word_1_160' title='bbox 841 2428 936 2480; x_wconf 89' lang='lat' dir='ltr'><strong>audire</strong></span> <span class='ocrx_word' id='word_1_161' title='bbox 954 2427 1085 2495; x_wconf 87' lang='lat' dir='ltr'><strong>laborum,</strong></span> 
     </span>
     <span class='ocr_line' id='line_1_27' title="bbox 393 2502 1090 2571; baseline 0 -16"><span class='ocrx_word' id='word_1_162' title='bbox 393 2506 470 2556; x_wconf 88' lang='lat' dir='ltr'><strong>Ante</strong></span> <span class='ocrx_word' id='word_1_163' title='bbox 488 2503 562 2557; x_wconf 89' lang='lat' dir='ltr'><strong>diem</strong></span> <span class='ocrx_word' id='word_1_164' title='bbox 579 2503 670 2557; x_wconf 89' lang='lat' dir='ltr'><strong>clauso</strong></span> <span class='ocrx_word' id='word_1_165' title='bbox 688 2506 823 2571; x_wconf 88' lang='lat' dir='ltr'><strong>conponat</strong></span> <span class='ocrx_word' id='word_1_166' title='bbox 843 2504 950 2571; x_wconf 84' lang='lat' dir='ltr'><strong>Vesper</strong></span> <span class='ocrx_word' id='word_1_167' title='bbox 969 2502 1090 2570; x_wconf 87' lang='lat' dir='ltr'><strong>Olympo.</strong></span> 
     </span>
    </p>

    <p class='ocr_par' dir='ltr' id='par_1_13' title="bbox 392 2579 1108 2725">
     <span class='ocr_line' id='line_1_28' title="bbox 392 2579 1106 2648; baseline 0 -16"><span class='ocrx_word' id='word_1_168' title='bbox 392 2579 452 2632; x_wconf 85' lang='lat' dir='ltr'><strong>Nos</strong></span> <span class='ocrx_word' id='word_1_169' title='bbox 471 2579 551 2632; x_wconf 86' lang='lat' dir='ltr'><strong>Troia</strong></span> <span class='ocrx_word' id='word_1_170' title='bbox 568 2580 688 2648; x_wconf 86' lang='lat' dir='ltr'><strong>antiqua,</strong></span> <span class='ocrx_word' id='word_1_171' title='bbox 708 2579 731 2632; x_wconf 93' lang='lat' dir='ltr'><strong>si</strong></span> <span class='ocrx_word' id='word_1_172' title='bbox 749 2582 856 2633; x_wconf 88' lang='lat' dir='ltr'><strong>vostras</strong></span> <span class='ocrx_word' id='word_1_173' title='bbox 874 2580 947 2632; x_wconf 86' lang='lat' dir='ltr'><strong>ferte</strong></span> <span class='ocrx_word' id='word_1_174' title='bbox 964 2596 1014 2647; x_wconf 91' lang='lat' dir='ltr'><strong>per</strong></span> <span class='ocrx_word' id='word_1_175' title='bbox 1032 2579 1106 2632; x_wconf 89' lang='lat' dir='ltr'><strong>auris</strong></span> 
     </span>
     <span class='ocr_line' id='line_1_29' title="bbox 392 2654 1108 2725; baseline 0.003 -18"><span class='ocrx_word' id='word_1_176' title='bbox 392 2654 491 2709; x_wconf 85' lang='lat' dir='ltr'><strong>Troiae</strong></span> <span class='ocrx_word' id='word_1_177' title='bbox 509 2671 607 2709; x_wconf 89' lang='lat' dir='ltr'><strong>nomen</strong></span> <span class='ocrx_word' id='word_1_178' title='bbox 623 2656 662 2720; x_wconf 89' lang='lat' dir='ltr'><strong>iit,</strong></span> <span class='ocrx_word' id='word_1_179' title='bbox 681 2655 790 2708; x_wconf 88' lang='lat' dir='ltr'><strong>diversa</strong></span> <span class='ocrx_word' id='word_1_180' title='bbox 808 2672 859 2725; x_wconf 92' lang='lat' dir='ltr'><strong>pcr</strong></span> <span class='ocrx_word' id='word_1_181' title='bbox 877 2672 997 2724; x_wconf 87' lang='lat' dir='ltr'><strong>aequora</strong></span> <span class='ocrx_word' id='word_1_182' title='bbox 1015 2659 1108 2710; x_wconf 85' lang='lat' dir='ltr'><strong>vectos</strong></span> 
     </span>
    </p>

    <p class='ocr_par' dir='ltr' id='par_1_14' title="bbox 368 2732 1044 2802">
     <span class='ocr_line' id='line_1_30' title="bbox 368 2732 1044 2802; baseline 0.003 -17"><span class='ocrx_word' id='word_1_183' title='bbox 368 2732 479 2802; x_wconf 47' lang='lat' dir='ltr'><strong>‚Forte</strong></span> <span class='ocrx_word' id='word_1_184' title='bbox 496 2748 546 2785; x_wconf 91' lang='lat' dir='ltr'><strong>sua</strong></span> <span class='ocrx_word' id='word_1_185' title='bbox 564 2732 671 2800; x_wconf 89' lang='lat' dir='ltr'><strong>Libyeis</strong></span> <span class='ocrx_word' id='word_1_186' title='bbox 688 2734 839 2800; x_wconf 85' lang='lat' dir='ltr'><strong>tempestas</strong></span> <span class='ocrx_word' id='word_1_187' title='bbox 858 2732 965 2801; x_wconf 81' lang='lat' dir='ltr'><strong>adpidit</strong></span> <span class='ocrx_word' id='word_1_188' title='bbox 983 2734 1044 2787; x_wconf 87' lang='lat' dir='ltr'><strong>oris.</strong></span> 
     </span>
    </p>

    <p class='ocr_par' dir='ltr' id='par_1_15' title="bbox 354 2803 1246 3105">
     <span class='ocr_line' id='line_1_31' title="bbox 354 2803 1136 2878; baseline 0 -16"><span class='ocrx_word' id='word_1_189' title='bbox 354 2803 359 2814; x_wconf 76' lang='grc'><strong><em>’</em></strong></span> <span class='ocrx_word' id='word_1_190' title='bbox 392 2808 460 2862; x_wconf 82' lang='lat' dir='ltr'><strong>Sum</strong></span> <span class='ocrx_word' id='word_1_191' title='bbox 478 2809 539 2878; x_wconf 81' lang='lat' dir='ltr'><strong>pius</strong></span> <span class='ocrx_word' id='word_1_192' title='bbox 557 2810 675 2875; x_wconf 86' lang='lat' dir='ltr'><strong>Aeneas,</strong></span> <span class='ocrx_word' id='word_1_193' title='bbox 693 2814 787 2876; x_wconf 87' lang='lat' dir='ltr'><strong>raptos</strong></span> <span class='ocrx_word' id='word_1_194' title='bbox 806 2810 853 2878; x_wconf 91' lang='lat' dir='ltr'><strong>qui</strong></span> <span class='ocrx_word' id='word_1_195' title='bbox 871 2826 905 2863; x_wconf 80' lang='lat' dir='ltr'><strong>ex</strong></span> <span class='ocrx_word' id='word_1_196' title='bbox 923 2810 1003 2864; x_wconf 91' lang='lat' dir='ltr'><strong>hoste</strong></span> <span class='ocrx_word' id='word_1_197' title='bbox 1023 2809 1136 2864; x_wconf 88' lang='lat' dir='ltr'><strong>Penatis</strong></span> 
     </span>
     <span class='ocr_line' id='line_1_32' title="bbox 392 2884 1133 2954; baseline 0.001 -16"><span class='ocrx_word' id='word_1_198' title='bbox 392 2884 487 2939; x_wconf 83' lang='lat' dir='ltr'><strong>Classe</strong></span> <span class='ocrx_word' id='word_1_199' title='bbox 504 2885 573 2939; x_wconf 89' lang='lat' dir='ltr'><strong>veho</strong></span> <span class='ocrx_word' id='word_1_200' title='bbox 590 2902 705 2951; x_wconf 88' lang='lat' dir='ltr'><strong>mecum,</strong></span> <span class='ocrx_word' id='word_1_201' title='bbox 723 2885 796 2938; x_wconf 88' lang='lat' dir='ltr'><strong>fama</strong></span> <span class='ocrx_word' id='word_1_202' title='bbox 814 2902 897 2954; x_wconf 87' lang='lat' dir='ltr'><strong>super</strong></span> <span class='ocrx_word' id='word_1_203' title='bbox 914 2886 1029 2940; x_wconf 85' lang='lat' dir='ltr'><strong>aethera</strong></span> <span class='ocrx_word' id='word_1_204' title='bbox 1045 2890 1133 2940; x_wconf 89' lang='lat' dir='ltr'><strong>notus.</strong></span> 
     </span>
     <span class='ocr_line' id='line_1_33' title="bbox 392 2960 1246 3030; baseline 0.001 -16"><span class='ocrx_word' id='word_1_205' title='bbox 392 2960 504 3014; x_wconf 88' lang='lat' dir='ltr'><strong>Italiam</strong></span> <span class='ocrx_word' id='word_1_206' title='bbox 522 2979 625 3030; x_wconf 84' lang='lat' dir='ltr'><strong>quaero</strong></span> <span class='ocrx_word' id='word_1_207' title='bbox 642 2961 761 3030; x_wconf 90' lang='lat' dir='ltr'><strong>patriam</strong></span> <span class='ocrx_word' id='word_1_208' title='bbox 778 2965 808 3014; x_wconf 92' lang='lat' dir='ltr'><strong>et</strong></span> <span class='ocrx_word' id='word_1_209' title='bbox 826 2978 912 3028; x_wconf 88' lang='lat' dir='ltr'><strong>genus</strong></span> <span class='ocrx_word' id='word_1_210' title='bbox 929 2962 964 3015; x_wconf 90' lang='lat' dir='ltr'><strong>ab</strong></span> <span class='ocrx_word' id='word_1_211' title='bbox 983 2963 1049 3016; x_wconf 89' lang='lat' dir='ltr'><strong>Iove</strong></span> <span class='ocrx_word' id='word_1_212' title='bbox 1067 2978 1180 3015; x_wconf 90' lang='lat' dir='ltr'><strong>summo.</strong></span> <span class='ocrx_word' id='word_1_213' title='bbox 1209 2976 1246 3015; x_wconf 80' lang='lat' dir='ltr'><strong>aaa</strong></span> 
     </span>
     <span class='ocr_line' id='line_1_34' title="bbox 391 3037 1125 3105; baseline -0.001 -15"><span class='ocrx_word' id='word_1_214' title='bbox 391 3037 443 3091; x_wconf 80' lang='lat' dir='ltr'><strong>Bis</strong></span> <span class='ocrx_word' id='word_1_215' title='bbox 460 3037 539 3091; x_wconf 89' lang='lat' dir='ltr'><strong>denis</strong></span> <span class='ocrx_word' id='word_1_216' title='bbox 557 3038 705 3105; x_wconf 85' lang='lat' dir='ltr'><strong>Phrygium</strong></span> <span class='ocrx_word' id='word_1_217' title='bbox 723 3037 867 3091; x_wconf 88' lang='lat' dir='ltr'><strong>conscendi</strong></span> <span class='ocrx_word' id='word_1_218' title='bbox 884 3038 998 3092; x_wconf 84' lang='lat' dir='ltr'><strong>navibus</strong></span> <span class='ocrx_word' id='word_1_219' title='bbox 1016 3054 1125 3104; x_wconf 92' lang='lat' dir='ltr'><strong>aequor,</strong></span> 
     </span>
    </p>

    <p class='ocr_par' dir='ltr' id='par_1_16' title="bbox 390 3113 1261 3567">
     <span class='ocr_line' id='line_1_35' title="bbox 391 3113 1142 3181; baseline -0.005 -13"><span class='ocrx_word' id='word_1_220' title='bbox 391 3113 485 3168; x_wconf 87' lang='lat' dir='ltr'><strong>Matre</strong></span> <span class='ocrx_word' id='word_1_221' title='bbox 503 3114 556 3168; x_wconf 88' lang='lat' dir='ltr'><strong>dea</strong></span> <span class='ocrx_word' id='word_1_222' title='bbox 573 3117 743 3168; x_wconf 81' lang='lat' dir='ltr'><strong>nrorrstrante</strong></span> <span class='ocrx_word' id='word_1_223' title='bbox 760 3115 840 3181; x_wconf 87' lang='lat' dir='ltr'><strong>viam,</strong></span> <span class='ocrx_word' id='word_1_224' title='bbox 858 3114 925 3168; x_wconf 83' lang='lat' dir='ltr'><strong>data</strong></span> <span class='ocrx_word' id='word_1_225' title='bbox 941 3116 1000 3169; x_wconf 88' lang='lat' dir='ltr'><strong>fata</strong></span> <span class='ocrx_word' id='word_1_226' title='bbox 1017 3116 1142 3177; x_wconf 87' lang='lat' dir='ltr'><strong>secutus;</strong></span> 
     </span>
     <span class='ocr_line' id='line_1_36' title="bbox 391 3189 1151 3260; baseline -0.003 -17"><span class='ocrx_word' id='word_1_227' title='bbox 391 3189 449 3245; x_wconf 85' lang='lat' dir='ltr'><strong>Vix</strong></span> <span class='ocrx_word' id='word_1_228' title='bbox 467 3195 573 3260; x_wconf 88' lang='lat' dir='ltr'><strong>septem</strong></span> <span class='ocrx_word' id='word_1_229' title='bbox 592 3190 733 3244; x_wconf 81' lang='lat' dir='ltr'><strong>convolsae</strong></span> <span class='ocrx_word' id='word_1_230' title='bbox 749 3190 833 3244; x_wconf 91' lang='lat' dir='ltr'><strong>undis</strong></span> <span class='ocrx_word' id='word_1_231' title='bbox 851 3191 980 3259; x_wconf 82' lang='lat' dir='ltr'><strong>Euroque</strong></span> <span class='ocrx_word' id='word_1_232' title='bbox 998 3191 1151 3257; x_wconf 87' lang='lat' dir='ltr'><strong>supersunt.</strong></span> 
     </span>
     <span class='ocr_line' id='line_1_37' title="bbox 392 3265 1097 3336; baseline -0.007 -16"><span class='ocrx_word' id='word_1_233' title='bbox 392 3265 460 3336; x_wconf 87' lang='lat' dir='ltr'><strong>Ipse</strong></span> <span class='ocrx_word' id='word_1_234' title='bbox 475 3267 592 3336; x_wconf 88' lang='lat' dir='ltr'><strong>ignotus,</strong></span> <span class='ocrx_word' id='word_1_235' title='bbox 610 3283 701 3335; x_wconf 86' lang='lat' dir='ltr'><strong>egens,</strong></span> <span class='ocrx_word' id='word_1_236' title='bbox 721 3266 825 3336; x_wconf 83' lang='lat' dir='ltr'><strong>Libyae</strong></span> <span class='ocrx_word' id='word_1_237' title='bbox 843 3267 955 3320; x_wconf 87' lang='lat' dir='ltr'><strong>deserta</strong></span> <span class='ocrx_word' id='word_1_238' title='bbox 972 3280 1097 3335; x_wconf 88' lang='lat' dir='ltr'><strong>peragro,</strong></span> 
     </span>
     <span class='ocr_line' id='line_1_38' title="bbox 391 3341 1245 3412; baseline -0.001 -16"><span class='ocrx_word' id='word_1_239' title='bbox 391 3341 504 3412; x_wconf 86' lang='lat' dir='ltr'><strong>Europa</strong></span> <span class='ocrx_word' id='word_1_240' title='bbox 514 3347 600 3412; x_wconf 90' lang='lat' dir='ltr'><strong>atque</strong></span> <span class='ocrx_word' id='word_1_241' title='bbox 613 3342 682 3396; x_wconf 85' lang='lat' dir='ltr'><strong>Asia</strong></span> <span class='ocrx_word' id='word_1_242' title='bbox 698 3342 799 3410; x_wconf 86' lang='lat' dir='ltr'><strong>pulsus.</strong></span> <span class='ocrx_word' id='word_1_243' title='bbox 837 3341 863 3394; x_wconf 87' lang='lat' dir='ltr'>N</span> <span class='ocrx_word' id='word_1_244' title='bbox 865 3358 896 3394; x_wconf 88' lang='lat' dir='ltr'><strong>ec</strong></span> <span class='ocrx_word' id='word_1_245' title='bbox 914 3341 994 3408; x_wconf 89' lang='lat' dir='ltr'><strong>plura</strong></span> <span class='ocrx_word' id='word_1_246' title='bbox 1012 3342 1174 3409; x_wconf 88' lang='lat' dir='ltr'><strong>querentem</strong></span> <span class='ocrx_word' id='word_1_247' title='bbox 1208 3356 1245 3395; x_wconf 77' lang='lat' dir='ltr'><strong>aaa</strong></span> 
     </span>
     <span class='ocr_line' id='line_1_39' title="bbox 390 3417 1100 3474; baseline 0 -4"><span class='ocrx_word' id='word_1_248' title='bbox 390 3417 477 3471; x_wconf 81' lang='lat' dir='ltr'><strong>Passa</strong></span> <span class='ocrx_word' id='word_1_249' title='bbox 497 3418 589 3472; x_wconf 86' lang='lat' dir='ltr'><strong>Venus</strong></span> <span class='ocrx_word' id='word_1_250' title='bbox 604 3418 697 3472; x_wconf 88' lang='lat' dir='ltr'><strong>medio</strong></span> <span class='ocrx_word' id='word_1_251' title='bbox 714 3418 755 3473; x_wconf 86' lang='lat' dir='ltr'><strong>sic</strong></span> <span class='ocrx_word' id='word_1_252' title='bbox 772 3417 908 3474; x_wconf 84' lang='lat' dir='ltr'><strong>interfata</strong></span> <span class='ocrx_word' id='word_1_253' title='bbox 925 3417 1022 3474; x_wconf 85' lang='lat' dir='ltr'><strong>dolare</strong></span> <span class='ocrx_word' id='word_1_254' title='bbox 1039 3420 1100 3471; x_wconf 70' lang='lat' dir='ltr'><strong>est:</strong></span> 
     </span>
     <span class='ocr_line' id='line_1_40' title="bbox 414 3491 1261 3567; baseline -0.007 -16"><span class='ocrx_word' id='word_1_255' title='bbox 414 3491 543 3557; x_wconf 70' lang='lat' dir='ltr'><strong>Quisqm&#39;s</strong></span> <span class='ocrx_word' id='word_1_256' title='bbox 561 3509 598 3560; x_wconf 77' lang='lat' dir='ltr'><strong>es</strong></span> <span class='ocrx_word' id='word_1_257' title='bbox 615 3494 701 3559; x_wconf 87' lang='lat' dir='ltr'><strong>lraud,</strong></span> <span class='ocrx_word' id='word_1_258' title='bbox 727 3497 825 3567; x_wconf 89' lang='lat' dir='ltr'><strong>credo,</strong></span> <span class='ocrx_word' id='word_1_259' title='bbox 843 3497 956 3554; x_wconf 86' lang='lat' dir='ltr'><strong>invisus</strong></span> <span class='ocrx_word' id='word_1_260' title='bbox 975 3494 1152 3554; x_wconf 64' lang='lat' dir='ltr'><strong>caelestibus</strong></span> <span class='ocrx_word' id='word_1_261' title='bbox 1168 3506 1261 3547; x_wconf 75' lang='lat' dir='ltr'><strong>auras</strong></span> 
     </span>
    </p>
   </div>
   <div class='ocr_carea' id='block_1_3' title="bbox 370 3558 1124 3670">
    <p class='ocr_par' dir='ltr' id='par_1_17' title="bbox 370 3558 1124 3670">
     <span class='ocr_line' id='line_1_41' title="bbox 370 3558 1124 3670; baseline 0.019 -50"><span class='ocrx_word' id='word_1_262' title='bbox 370 3558 470 3670; x_wconf 60' lang='grc' dir='ltr'><strong>Πῐῡέε</strong></span> <span class='ocrx_word' id='word_1_263' title='bbox 486 3566 587 3637; x_wconf 66' lang='lat' dir='ltr'><strong>cumis,</strong></span> <span class='ocrx_word' id='word_1_264' title='bbox 608 3568 726 3639; x_wconf 79' lang='lat' dir='ltr'><strong>Tyriam</strong></span> <span class='ocrx_word' id='word_1_265' title='bbox 746 3576 799 3647; x_wconf 86' lang='lat' dir='ltr'><strong>qui</strong></span> <span class='ocrx_word' id='word_1_266' title='bbox 820 3575 985 3636; x_wconf 83' lang='lat' dir='ltr'><strong>adveneris</strong></span> <span class='ocrx_word' id='word_1_267' title='bbox 999 3575 1124 3634; x_wconf 70' lang='lat' dir='ltr'><strong>arsam.</strong></span> 
     </span>
    </p>
   </div>
   <div class='ocr_carea' id='block_1_4' title="bbox 0 0 1630 4159">
    <p class='ocr_par' dir='ltr' id='par_1_18' title="bbox 0 0 1630 4159">
     <span class='ocr_line' id='line_1_42' title="bbox 0 0 1630 4159; baseline 0 0"><span class='ocrx_word' id='word_1_268' title='bbox 0 0 1630 4159; x_wconf 95' lang='lat' dir='ltr'><strong> </strong></span> 
     </span>
    </p>
   </div>
  </div>
 </body>
</html>
