3242 4159
630 521 819 572 BUOOLIGA.
854 520 930 570 ECL.
942 519 1022 569 VIII.
1222 519 1251 571 17

400 606 428 658 A
446 605 476 658 te
493 601 663 672 principium,
681 600 733 656 tibi
750 601 866 656 desinet.
901 600 1005 670 Accipe
1021 600 1102 655 iussis

400 678 642 745 Carminacoepta
659 678 722 743 tuis,
740 681 824 744 atque
841 677 910 730 hane
928 677 986 731 sine
1003 680 1128 745 tempora
1148 674 1251 730 circum

401 755 482 807 Inter
499 753 617 806 victricis
634 753 766 806 hederam
784 752 835 806 tibi
853 770 965 821 serpere
982 753 1082 807 laurus.

438 828 551 897 Frigida
568 828 613 880 vix
630 828 706 881 eaelo
723 828 810 881 noetis
829 828 986 882 decesserat
1003 827 1108 895 umbra,

401 904 471 959 Cum
489 921 534 957 ros
551 904 579 957 iu
596 907 693 957 tenera
709 904 801 972 pecori
819 905 990 972 gratissimus
1008 904 1102 971 herba,
1227 917 1251 956 15

401 978 568 1033 Incumbens
586 979 670 1034 tereti
688 980 794 1034 Damon
813 979 852 1033 sic
869 980 960 1047 coepit
977 980 1071 1033 olivae.

435 1057 474 1109 D.
482 1055 609 1122 Nascere,
617 1071 736 1124 praeque
745 1054 819 1108 diem
826 1054 938 1109 veniens
947 1072 1006 1123 age,
1016 1054 1133 1121 Lucifer,
1142 1053 1251 1124 almum,

400 1132 531 1199 Coniugis
548 1132 661 1199 indigno
679 1131 762 1184 Nisae
781 1130 913 1198 deeeptus
931 1147 1023 1183 amore

400 1207 474 1260 Dum
492 1224 599 1276 queror,
618 1210 647 1260 et
665 1206 748 1268 divos,
767 1222 932 1274 quamquam
949 1206 987 1259 nil
1005 1206 1123 1260 testibus
1139 1205 1193 1259 illis

401 1282 516 1349 Proieci,
535 1286 659 1336 extrema
676 1283 794 1335 moriens
811 1284 905 1334 tamen
923 1281 1056 1348 adloquor
1073 1281 1146 1334 hora.
1227 1296 1252 1333 ao

400 1358 498 1426 Incipe
514 1358 662 1412 Maenalios
680 1374 793 1423 meeum,
812 1356 965 1423 meatibus,
983 1373 1084 1410 versus.
1108 1352 1110 1356 ’

399 1433 543 1487 Maenalus
560 1437 743 1502 argutumque
760 1450 856 1487 nemus
874 1433 1006 1501 pinosque
1023 1432 1160 1500 loquentis

400 1509 517 1579 Semper
533 1508 635 1574 habet;
652 1524 759 1575 semper
776 1512 917 1576 pasterum
935 1509 988 1562 ille⁴
999 1508 1078 1562 audit
1095 1524 1208 1575 amores,

400 1585 538 1655 Panaque,
557 1584 603 1653 qui
621 1584 725 1652 primus
743 1585 860 1638 calamos
877 1602 930 1637 non
949 1601 1045 1654 passus
1062 1583 1165 1637 inertis.
1268 1606 1270 1608 ·

400 1661 496 1729 Incipe
514 1659 663 1713 Maenalios
681 1676 794 1727 mecum,
812 1676 875 1714 mea
892 1660 967 1727 tibia,
985 1677 1089 1713 versus.
1226 1673 1251 1711 ae

399 1736 498 1805 Mopso
517 1736 583 1789 Nisa
601 1737 707 1795 datura
718 1736 786 1804 quid
803 1752 857 1788 nou
876 1752 1016 1804 speremus
1034 1736 1177 1790 amantesl

400 1812 555 1879 Iungentur
571 1812 626 1864 iam
643 1827 742 1879 grypes
760 1812 846 1880 equis,
864 1827 985 1879 aevoque
1004 1812 1129 1879 sequenti

400 1888 470 1941 Cum
488 1886 600 1941 canibus
617 1887 709 1940 timidi
727 1888 838 1940 venient
855 1887 892 1941 ed
909 1887 1006 1955 poeula
1024 1887 1157 1946 dammae.

399 1963 506 2032 Mopse,
524 1978 607 2016 novas
624 1962 714 2015 incide
731 1963 821 2015 faces:
840 1961 891 2016 tibi
910 1962 1021 2016 ducitur
1038 1981 1124 2032 uxor;

399 2039 513 2107 Sparge,
524 2039 629 2105 marite,
642 2055 740 2092 nuces:
759 2038 810 2092 tibi
822 2038 925 2093 deserit
940 2039 1080 2114 Hesperus
1092 2043 1199 2098 Oetam.
1224 2059 1250 2098 ao

399 2114 495 2183 Incipe
514 2114 663 2168 Maenalios
681 2129 794 2181 meeum,
812 2130 874 2168 mea
891 2116 968 2182 tibia,
987 2133 1089 2171 versus.

399 2190 425 2244 Ο
444 2190 526 2258 digno
544 2191 686 2246 coniuncta
703 2188 768 2256 viro',
787 2188 854 2243 dum
872 2190 989 2259 despicis
1007 2196 1101 2262 omnis,

398 2266 529 2333 Dumque
546 2265 597 2319 tibi
616 2269 659 2320 est
676 2265 739 2318 odio
757 2281 819 2319 mea
836 2266 928 2320 fistula
946 2266 1066 2336 dumque
1084 2272 1204 2340 capellae

400 2341 603 2410 Hirsutumque
621 2341 794 2410 supercilium
812 2344 1001 2411 promissaque
1019 2344 1113 2415 barba,

398 2416 427 2469 N
428 2433 460 2471 ee
476 2432 571 2471 curare
590 2417 673 2471 deum
690 2416 781 2470 credis
798 2418 925 2472 mortalia
943 2426 1122 2487 quemquami
1225 2439 1250 2479 3⁵

399 2492 496 2558 Incipe
513 2492 663 2546 Maenalios
681 2509 793 2557 meeum
811 2510 873 2546 mea
890 2494 965 2559 tibia,
982 2510 1084 2549 versus.
1151 2514 1164 2523 ·

399 2566 534 2636 Saepibus
551 2568 579 2621 in
596 2568 697 2622 nostris
713 2576 826 2635 parvam
845 2572 874 2623 te
891 2568 998 2622 roseida
1014 2571 1118 2625 mala-

399 2643 465 2697 Dux
483 2659 534 2710 ege
551 2647 642 2698 vester
659 2645 824 2698 eram—vidi
843 2661 904 2698 eum
921 2648 1010 2699 matre
1027 2646 1173 2715 legentem.
1229 2640 1231 2643 ⁸

400 2719 484 2772 Alter
501 2719 536 2773 ab
553 2721 697 2774 undecimo
714 2727 775 2776 tum
792 2738 837 2775 me
855 2721 909 2774 iam
928 2728 1071 2790 acceperat
1088 2743 1192 2792 annus;

399 2792 461 2847 Iam
478 2794 582 2863 fragilis
598 2800 722 2864 poteram
740 2798 776 2851 ab
793 2802 869 2851 terra
887 2799 1044 2866 contingere
1061 2817 1157 2855 rames.
1224 2817 1250 2856 so

398 2868 441 2923 Ut
458 2870 522 2938 vidi,
540 2874 572 2924 ut
590 2871 675 2939 perii!
693 2876 726 2927 ut
743 2890 787 2927 me
805 2873 893 2926 malus
910 2874 1025 2927 abstulit
1042 2882 1135 2931 error!

399 2943 495 3014 Incipe
514 2946 663 3000 Maenalios
681 2965 795 3015 mecum,
813 2965 874 3001 mea
892 2948 967 3016 tibia,
986 2967 1087 3005 versus.

399 3021 426 3073 N
428 3038 481 3074 rme
498 3022 561 3088 scio,
581 3022 647 3090 quid
666 3025 703 3076 sit
722 3025 827 3089 Amor;
845 3024 922 3078 duris
940 3027 967 3078 in
985 3027 1091 3081 cotibus
1109 3028 1185 3082 illum

400 3098 461 3151 Aut
478 3097 599 3165 Tmaros,
617 3102 666 3152 aut
684 3099 824 3169 Rhodope,
843 3105 890 3153 aut
909 3103 1024 3155 extremi
1044 3104 1230 3170 Garamantes,

399 3172 459 3227 Nee
475 3174 584 3241 generis
602 3176 687 3228 nostri
705 3192 821 3245 puerum
839 3194 889 3231 nec
907 3178 1044 3245 sanguinis
1062 3178 1155 3232 edunt.
1223 3195 1248 3234 45

400 3247 494 3316 Incipe
513 3248 663 3303 Maenalios
681 3268 794 3318 meeum,
813 3269 874 3305 mea
891 3253 967 3318 tibia,
984 3269 1086 3306 versus.

399 3323 502 3377 Saeuis
521 3325 609 3378 Amor
627 3326 720 3381 docuit
736 3331 862 3382 natorum
881 3328 1012 3397 sanguine
1028 3332 1151 3385 matrem

397 3399 599 3453 commaculare
615 3418 729 3471 manus;
747 3406 870 3462 crudelis
888 3410 924 3462 tu
941 3423 1067 3477 qnoque,
1079 3411 1175 3461 mater
1185 3428 1198 3473 ·,

383 3468 509 3523 Omdelis
524 3477 618 3558 mater
634 3482 736 3552 magis,
756 3501 793 3539 an
813 3503 888 3557 puer
907 3485 1053 3557 inprobus
1068 3484 1145 3539 illel

366 3538 512 3606 Inprohm
524 3546 578 3603 ἨΘ
592 3567 685 3625 lmen
705 3562 843 3622 crudelis
860 3569 902 3623 tu
920 3582 1058 3638 queque,
1073 3564 1191 3619 mater.
1282 3563 1286 3574 ’
