3242 4159
624 528 832 579 GEORGIGON
849 531 918 583 LIB.
937 532 987 584 Ν.
1205 538 1233 589 81

372 609 493 667 Inferias
513 608 617 679 Orphei
636 610 759 663 Lethaea
777 628 914 680 papavera
932 614 1033 684 mittes,
1199 632 1234 672 aa

371 689 411 742 uu
428 688 535 755 nigram
552 687 687 740 mactabis
710 705 795 756 ovem,
815 688 960 759 lucumque
977 693 1092 759 revises3

372 766 517 819 Placatam
536 763 690 832 Eurydicen
713 765 797 818 vitula
816 766 981 821 venerabere
998 785 1084 823 caesa.

410 841 497 895 Haud
515 857 607 907 mora;
626 843 754 896 continuo
775 842 871 896 matris
889 849 1036 914 praecepta
1052 846 1176 913 facessit;

374 919 424 973 Ad
443 917 558 972 delubra
575 919 657 987 venit,
679 923 845 990 monstratae
864 922 1052 989 excitatam,

374 996 514 1060 Quattuor
532 996 646 1048 eximios
664 996 818 1065 praestanti
837 1014 948 1067 corpore
966 1000 1059 1051 tauros
1197 1013 1234 1052 ouo

373 1073 466 1140 Ducit,
485 1076 514 1125 et
531 1072 635 1125 intacta
656 1073 773 1126 totidem
793 1076 897 1128 cervice
914 1075 1046 1128 iuvencae

374 1149 451 1216 Post,
470 1149 517 1202 ubi
535 1166 606 1202 nona
625 1166 687 1203 suos
708 1151 817 1204 Aurora
834 1151 980 1204 induxerat
998 1154 1083 1218 ortuis,

374 1225 493 1279 Inferias
513 1224 616 1294 Orphei
635 1226 729 1293 mittit,
749 1226 894 1295 lucumque
913 1227 1012 1279 revisit.

375 1301 432 1355 Hic
449 1319 514 1355 vero
533 1302 654 1355 subitum
674 1318 705 1355 ac
723 1302 799 1356 dictu
819 1303 942 1356 mirabile
960 1305 1111 1355 monstrum

376 1378 796 1447 Aspiuunt,·1iquefactab0um
815 1380 986 1447 perviscera
1002 1380 1062 1432 toto
1141 1447 1146 1455 ι
1196 1392 1232 1433 555

375 1454 503 1510 Stridore
520 1465 596 1524 apes*
603 1458 683 1508 utero
702 1458 731 1508 et
748 1456 837 1523 ruptis
856 1455 986 1509 effervere
1004 1455 1086 1507 costis

375 1538 575 1602 Inmenaaaque
593 1532 665 1584 trahi
682 1531 775 1599 nubes,
793 1532 902 1602 iamque
920 1531 1017 1585 arbore
1035 1547 1140 1584 summa

376 1611 523 1665 Confluere
541 1612 570 1661 et
588 1607 670 1661 lentis
688 1624 769 1660 uvam
788 1607 936 1661 demittere
953 1608 1042 1662 ramis.

413 1765 492 1817 Haec
509 1777 590 1829 super
607 1778 732 1814 arvorum
751 1761 827 1814 cultu
843 1776 1026 1829 pecorumque
1043 1760 1173 1813 canebam

375 1843 416 1895 Et
433 1855 516 1908 super
532 1836 682 1903 arboribus,
702 1837 801 1889 Caesar
819 1836 884 1889 dum
896 1852 1010 1902 magnus
1024 1834 1060 1898 ad
1074 1836 1160 1910 altum
1193 1851 1231 1891 550

376 1916 517 1971 Fulminat
535 1912 694 1981 Euphraten
712 1912 791 1976 bello,
810 1912 950 1981 victorque
968 1911 1084 1966 volentis
1192 1931 1194 1934 ¹

375 1992 433 2046 Per
450 1990 564 2060 populos
583 1987 631 2040 dat
648 1989 715 2058 iura,
733 1988 859 2058 viamque
878 1988 999 2041 adfectat
1018 1987 1139 2058 Oljmm.

375 2069 430 2123 Illo
449 2066 602 2135 Vergilium
621 2082 665 2118 me
683 2068 806 2133 tempore
826 2065 912 2119 dulcis
930 2064 1022 2117 alebat

376 2146 560 2211 Parthenope,
578 2142 676 2193 studiis
695 2141 838 2199 florentem
856 2141 981 2211 ignobilia
999 2141 1046 2207 oti,
1116 2196 1118 2199 ,

377 2222 507 2278 Carmina
524 2218 571 2287 qui
587 2218 639 2270 lusi
656 2207 965 2347 pactorumkaudaxque
983 2217 1100 2285 iuventa,
1118 2217 1125 2278 ἶ,
1192 2232 1229 2272 555

375 2299 480 2367 Tityre,
497 2297 527 2349 te
543 2293 654 2362 patulae
671 2292 755 2345 cecini
773 2309 805 2346 au
841 2294 961 2362 tegmine
978 2292 1042 2359 fagi
1124 2285 1128 2316 ¹
