3242 4159
618 528 807 579 BUGOLIOA.
838 528 914 577 EOL.
935 529 966 579 V.
1192 521 1221 567 ll

371 612 411 665 'lu
430 612 515 663 decus
533 625 613 662 omne
630 609 692 663 tuis
730 610 880 676 Postquam
896 612 928 663 te
944 611 1003 665 fata
1018 610 1150 678 tulerunt,

370 688 438 755 lpsa
455 686 536 739 Pales
553 702 633 753 agros
650 690 734 755 atque
752 686 811 754 ipse
828 686 942 755 reliquit
960 687 1067 756 Apollo.
1197 705 1221 745 ³5

369 762 493 817 Grandia
511 779 593 831 saepe
611 762 710 830 quibus
729 762 916 817 mandavimus
933 763 1037 817 hordea
1054 763 1143 829 sulcis,

368 839 473 893 Infelix
490 839 584 891 lolium
603 842 632 892 et
649 840 759 892 steriles
776 843 925 893 nascuntur
942 856 1060 906 avenao;

367 916 426 969 Pro
445 915 521 967 molli
538 915 616 979 viola
633 931 684 983 pro
701 932 840 983 purpureo
857 917 984 983 narcisso,

367 991 497 1045 carduus
516 994 545 1043 et
564 991 654 1058 spinis·
666 991 754 1058 surgit
771 991 893 1058 paliurus
912 992 1008 1047 acutis.

366 1066 500 1135 Spargite
516 1065 630 1119 humum
646 1066 726 1132 loliis,
744 1066 869 1120 inducite
886 1067 1007 1121 fontibus
1024 1065 1145 1133 umbras,
1202 1078 1227 1118 so

366 1144 520 1206 Pastores3
538 1142 652 1195 mandat
669 1142 729 1194 fieri
747 1142 799 1195 sihi
817 1142 884 1196 talia
902 1142 1043 1211 Daphnis;
1087 1165 1090 1174 =

365 1219 405 1272 Et
424 1218 561 1272 tumulum
579 1217 669 1283 facite,
688 1220 718 1271 et
735 1218 841 1270 tumulo
859 1218 1038 1286 superaddite
1054 1233 1180 1272 carmen:

403 1293 530 1361 Daphnis
548 1310 598 1361 ego
615 1294 643 1346 in
662 1293 744 1359 silvis,
762 1292 826 1346 hinc
843 1310 931 1362 usque
948 1294 985 1347 ad
1002 1294 1094 1347 sidera
1105 1296 1227 1361 notua&

404 1370 530 1424 Formosi
547 1370 652 1437 pecoris
670 1373 769 1435 custos,
786 1370 930 1422 formosior
947 1371 1013 1439 ipse.

406 1446 463 1499 Ma
483 1445 548 1498 Tale
566 1447 645 1498 tuum
662 1461 773 1498 carmen
790 1445 876 1514 nobis,
895 1446 987 1499 divine
1003 1448 1094 1515 poeta,

367 1522 458 1586 Quale
476 1537 557 1590 sopor
573 1521 652 1574 fessis
669 1521 698 1574 in
714 1521 845 1588 gramine,
864 1522 944 1591 quale
961 1539 1012 1590 per
1029 1524 1136 1575 aestum

367 1598 465 1651 Dulcis
482 1613 570 1666 aquae
587 1596 702 1649 saliente
720 1597 793 1649 sitim
810 1598 982 1666 restinguere
999 1598 1064 1651 rivo.

368 1674 394 1727 N
396 1689 429 1727 cc
446 1673 556 1727 calamis
574 1672 663 1726 solum
681 1673 850 1740 aequiparas,
870 1674 919 1727 sed
936 1689 1002 1727 voce
1020 1676 1189 1739 magistrum.

369 1750 523 1803 Fortunate
539 1765 615 1817 puer,
632 1752 665 1800 tu
681 1764 753 1801 nunc
770 1748 825 1801 eris
842 1749 913 1801 alter
930 1748 965 1800 ab
982 1747 1036 1801 illo.

368 1825 395 1877 N
397 1841 428 1877 os
439 1828 533 1878 tamen
545 1824 612 1877 haec
623 1839 794 1892 quocumque
806 1824 888 1876 modo
900 1824 953 1876 tibi
964 1826 1060 1876 nostra
1070 1822 1189 1877 vicissim
1201 1838 1226 1877 to

370 1900 507 1967 Dicemus,
526 1899 718 1967 Daphnimque
736 1902 815 1952 tuum
833 1899 960 1953 tollemus
977 1898 1014 1952 ad
1031 1902 1124 1964 astra;

370 1975 500 2043 Daphnin
512 1974 548 2028 ad
559 1978 634 2027 astra
645 1975 778 2039 feremus:
790 1976 892 2028 amarit
902 1992 952 2029 nos
965 1992 1073 2044 quoque
1085 1974 1215 2043 Daphnis

368 2050 428 2103 Μο.
448 2050 494 2103 An
511 2051 657 2118 quicquam
675 2049 752 2103 nobis
770 2051 820 2104 tali
837 2052 875 2105 sit
893 2067 1006 2106 munere
1024 2052 1134 2105 maiust

370 2126 407 2179 Et
424 2142 493 2194 puer
509 2126 568 2194 ipsc
585 2125 638 2178 fuit
655 2126 759 2179 cantari
777 2127 884 2195 dignus,
903 2130 931 2181 et
944 2128 1002 2181 ista

370 2201 431 2255 Iam
449 2202 558 2269 pridem
576 2200 707 2255 Stimicon
724 2201 847 2257 laudarit
864 2204 985 2257 carmina
1002 2202 1087 2256 nobis
1201 2217 1227 2257 tt

401 2278 458 2331 Me.
477 2277 618 2331 Candidus
635 2276 773 2331 insuetum
790 2279 907 2331 miratur
924 2278 1007 2333 limen
1024 2277 1133 2347 Olympi

369 2353 427 2408 Sub
445 2352 616 2421 pedibusque
635 2351 710 2405 ridet
727 2353 814 2407 nubes
831 2358 861 2408 et
878 2355 969 2409 sidera
986 2354 1118 2423 Daphnis.

369 2430 443 2497 Ergo
461 2429 557 2481 alacris
575 2428 656 2481 silvas
674 2431 703 2481 et
720 2432 813 2483 cetera
830 2447 894 2483 rura
910 2431 1036 2497 voluptas

369 2505 501 2573 Panaque
513 2508 699 2575 pastoresque
716 2508 794 2559 tenet
812 2506 991 2573 Dryadasque
1008 2504 1121 2572 puellas.

368 2581 394 2634 N
397 2597 429 2635 ec
447 2580 527 2648 lupus
543 2580 656 2633 insidias
674 2581 773 2649 pecori,
791 2598 842 2634 nec
859 2581 930 2635 retia
948 2581 1035 2634 cervis
1201 2594 1226 2635 oo

367 2656 435 2710 Ulla
453 2655 546 2709 dolum
563 2654 750 2722 meditantur3
767 2661 842 2710 amat
858 2656 946 2711 bonus
963 2656 1021 2711 otia
1038 2655 1170 2724 Daphnis.

368 2733 429 2801 Ipsi
446 2731 554 2785 laetitia
572 2747 652 2784 voces
670 2731 706 2784 ad
723 2733 816 2785 sidera
833 2733 938 2787 iactant

367 2808 479 2864 Intonsi
497 2811 623 2873 montes3
641 2808 718 2877 ipsae
734 2809 789 2861 iam
807 2810 927 2862 carmina
945 2826 1036 2877 rupes,

367 2885 436 2953 Ipsa
456 2888 553 2937 sonant
570 2883 698 2938 arbusta:
719 2885 793 2952 deus,
813 2884 881 2937 deus
899 2885 952 2953 ille,
971 2884 1109 2940 Menalca!

367 2961 413 3015 Sis
431 2961 519 3013 honus
537 2976 553 3012 o
571 2959 692 3028 felixque
710 2959 781 3013 tuis!
801 2977 836 3013 en
854 2964 986 3028 quattuor
1003 2978 1082 3017 aras:
1202 2974 1227 3013 os

366 3038 441 3091 Ecce
459 3037 529 3089 duas
546 3035 606 3101 tibi,
626 3035 742 3103 Daphni,
763 3037 831 3089 duas
849 3036 947 3090 altaria
966 3036 1084 3091 Phoebo.

366 3112 473 3167 Pocula
491 3112 558 3166 bina
574 3127 644 3164 novo
662 3111 818 3180 spumantia
834 3111 907 3165 lacte
926 3110 1089 3180 quotannis

366 3190 557 3257 craterasque
575 3188 645 3241 duos
663 3191 784 3242 statuam
802 3188 855 3241 tibi
871 3188 981 3257 pinguis
999 3186 1071 3253 olivi,

364 3266 407 3320 ut
425 3263 513 3317 multo
530 3264 559 3316 in
577 3263 673 3331 primis
690 3263 808 3317 hilarans
827 3263 948 3317 convivia
966 3260 1081 3326 Baccho,

365 3344 448 3395 Ante
465 3339 562 3406 focum,
581 3339 604 3391 si
621 3339 709 3409 frigus
728 3340 790 3409 erit,
809 3339 833 3395 si
848 3337 959 3407 messis,
971 3336 1005 3390 in
1018 3333 1131 3401 umhra.
1203 3346 1236 3389 uu

365 3416 435 3468 Vina
452 3431 551 3467 norum
570 3416 686 3473 hindam
704 3419 827 3476 calathis
846 3416 966 3475 Ariusia
980 3416 1092 3471 nectut-

355 3487 513 3542 Uantabunt
528 3492 602 3546 mihi
619 3494 781 3555 Damoetas
802 3504 836 3557 et
852 3495 981 3569 Lyctius
1002 3495 1132 3562 hagam

355 3561 477 3682 ultaptis
494 3563 615 3637 Satyros
634 3574 814 3636 imitabitur
835 3574 1079 3650 Alphesiboeus

1251 3589 1259 3672 l
