3242 4159
657 519 867 569 GEORGICON
884 520 954 569 LIB.
974 521 996 569 Ι.
1223 524 1254 569 35

399 598 548 654 Maxumus
565 598 691 667 agricolis
708 599 860 668 pelagoque
876 600 1019 670 parabitur
1035 599 1139 667 imber;

402 679 443 729 At
461 676 483 728 si
502 676 654 742 virgineum
672 675 817 730 suffuderit
834 682 881 730 ore'
898 676 1033 745 ruborem,
1217 690 1255 731 ssu

401 752 510 805 Ventus
527 752 594 815 erit3
618 755 699 805 vento
718 768 826 821 semper
843 752 926 806 rubet
943 769 1026 807 aurea
1037 752 1161 808 Phoebe.
1223 791 1225 796 ι

398 828 449 882 Sin
467 832 530 882 ortu
548 831 654 895 quarto,
672 844 791 895 namque
808 828 833 883 is
851 829 1019 883 certissimus
1035 834 1139 898 auctor,

398 905 475 957 Pura
492 919 581 971 neque
599 904 723 958 obtunsis
740 920 790 972 per
808 905 914 959 caelum
930 906 1057 979 cornibus
1073 906 1133 972 ibit,

397 981 485 1033 'lotus
503 983 532 1034 et
548 979 594 1032 ille
613 980 679 1048 dies,
698 983 727 1034 et
745 981 791 1048 qui
808 985 954 1035 nascentur
970 982 1069 1037 abillo

396 1052 541 1111 Exactum'
552 1056 589 1109 ad
606 1072 735 1125 mensem,
752 1057 845 1126 pluvia
861 1058 1006 1127 ventisque
1024 1058 1164 1126 carebunt,
1216 1072 1253 1112 ωε

396 1132 529 1201 Votaque
547 1132 649 1186 servati
668 1132 773 1186 solvent
790 1132 819 1185 in
836 1133 917 1187 litore
936 1138 1037 1189 nautae

397 1208 503 1261 Glauco
521 1210 550 1261 et
568 1207 712 1277 Panopeae
730 1211 760 1262 et
778 1208 846 1262 Inoo
866 1209 1032 1265 Melicertes.

397 1284 447 1338 Sol
466 1300 574 1352 quoque
592 1285 622 1337 et
639 1285 772 1352 exoriens,
790 1287 819 1338 et
837 1301 899 1337 cum
916 1302 946 1339 se
963 1285 1062 1339 condet
1079 1286 1107 1339 in
1124 1286 1220 1353 undas,

397 1359 484 1427 Signa
502 1359 592 1425 dabit;
612 1360 696 1414 solem
714 1361 867 1415 certissima
884 1361 961 1429 signa
979 1364 1138 1430 sequuntur,

396 1436 436 1489 lit
455 1453 525 1504 quae
542 1452 621 1491 mane
639 1436 732 1502 refert,
751 1439 781 1491 et
798 1453 869 1505 quae
886 1437 1059 1505 surgentibus
1076 1437 1165 1493 astris.
1215 1450 1252 1491 seo

398 1512 454 1565 Ille
471 1511 518 1565 ubi
535 1516 692 1566 nascentem
709 1512 820 1566 maculis
838 1513 984 1568 variaverit
1001 1516 1091 1567 ortum
1212 1583 1214 1586 ι

398 1588 535 1642 Conditus
551 1589 581 1641 in
597 1588 706 1655 nubem,
724 1588 870 1657 medioque
889 1588 1022 1657 refugerit
1039 1588 1113 1657 orbe,

397 1664 525 1733 Suspecti
542 1664 593 1718 tibi
612 1665 667 1718 siut
683 1664 800 1729 imbres;
820 1682 938 1733 namque
957 1667 1057 1733 urguet
1074 1666 1109 1719 ab
1126 1664 1183 1718 alto

399 1739 608 1809 Arboribusque
627 1742 746 1809 satisque
764 1740 855 1793 Notus
872 1742 1019 1809 pecorique
1037 1741 1153 1794 sinister.

399 1817 462 1871 Aut
478 1815 525 1869 ubi
543 1816 593 1871 sub
610 1817 698 1871 lucem
717 1816 802 1869 densa
819 1815 892 1868 inter
909 1816 1001 1869 nubila
1017 1832 1078 1869 sese
1215 1830 1251 1870 sss

398 1892 508 1946 Diversi
526 1896 653 1961 rumpent
670 1892 749 1959 radii,
767 1895 816 1945 aut
833 1891 882 1944 nbi
899 1891 1000 1959 pallida
1018 1893 1114 1959 surget

398 1967 508 2036 Tithoni
527 1985 650 2023 croceum
667 1969 791 2036 linquens
809 1970 920 2021 Aurora
937 1967 1032 2035 cubile,

399 2044 474 2111 Heu,
491 2043 560 2097 male
578 2047 637 2098 tum
654 2045 729 2098 mitis
747 2044 877 2097 defendet
894 2044 1037 2114 pampinus
1053 2058 1134 2098 uvas:

398 2120 467 2172 Tam
485 2119 572 2173 multa
588 2120 617 2173 iu
634 2120 715 2174 tectis
733 2120 871 2188 crepitans
889 2120 953 2174 salit
970 2120 1082 2173 horrida
1097 2118 1209 2187 grando.

398 2194 463 2248 Hoc
481 2195 571 2261 etiam,
589 2212 698 2249 emenso
717 2212 777 2249 oum
795 2196 849 2249 iam
869 2196 979 2251 decedit
997 2195 1119 2265 Olympo,
1214 2210 1252 2250 sco

399 2270 538 2324 Profuerit
555 2271 708 2326 meminisse
725 2274 826 2341 magis3
846 2289 910 2326 nam
927 2288 1008 2339 saepe
1024 2273 1149 2327 videmus

399 2345 491 2413 Ipsius
508 2346 536 2398 iu
554 2346 630 2401 voltu
648 2348 736 2401 varios
755 2364 847 2402 errare
865 2348 968 2402 colores
977 2368 984 2413 ;

399 2421 548 2476 Caeruleus
565 2422 684 2491 pluviam
703 2422 854 2490 denuntiat,
873 2424 967 2491 igneus
985 2422 1088 2487 Euros3

399 2497 449 2551 Sin
467 2498 588 2551 maculae
605 2498 736 2568 incipient
753 2498 835 2553 rutilo
852 2496 1020 2551 inmiscerier
1036 2495 1101 2564 igni,

398 2573 499 2625 Omnia
516 2570 574 2627 tum
592 2576 696 2643 pariter
712 2578 794 2631 vento
811 2573 966 2641 nimbisque
983 2571 1089 2625 videbis
1214 2586 1252 2629 see

399 2650 526 2703 Fervere.
562 2649 625 2703 Non
641 2650 687 2705 illa
705 2656 849 2719 quisquam
866 2666 911 2703 me
927 2651 1007 2703 nocte
1023 2663 1074 2717 per
1089 2648 1177 2705 altum

399 2725 455 2792 Ire,
473 2741 563 2794 neque
579 2742 596 2779 a
613 2729 689 2780 terra
706 2731 816 2781 moneat
834 2725 986 2780 convellere
1002 2723 1102 2779 funem.

400 2803 441 2854 At
459 2802 489 2868 si,
507 2817 570 2855 eum
587 2801 743 2871 referetque
762 2802 835 2856 diem
853 2801 1006 2869 condetque
1023 2801 1149 2871 relatum,

399 2876 520 2930 Lucidus
537 2877 612 2932 orbis
631 2878 690 2945 eris,
709 2878 813 2931 frustra
830 2876 971 2932 terrebere
988 2877 1096 2945 nimbis,
1143 2939 1145 2941 ,
1203 2916 1207 2924 .

398 2953 437 3005 Et
454 2952 526 3006 clare
545 2953 625 3008 silvas
643 2970 738 3008 cernes
757 2954 895 3023 Aquilone
912 2954 1020 3022 moveri,
1071 3019 1073 3023 λ
1216 2967 1252 3006 seo

398 3028 532 3097 Denique,
551 3029 620 3098 quid
638 3046 734 3098 vesper
751 3047 828 3083 serus
845 3032 935 3097 vehat,
953 3029 1027 3083 unde
1043 3044 1153 3083 serenas

398 3104 508 3159 Ventus
525 3110 590 3173 agat
607 3105 701 3172 nubes,
720 3105 787 3174 quid
803 3107 906 3174 cogitet
923 3105 1050 3159 humidus
1067 3105 1178 3172 Auster,
1203 3119 1205 3123 ’

398 3180 445 3235 Sol
463 3180 514 3233 tibi
532 3180 608 3248 signa
626 3181 711 3235 dabit.
748 3181 839 3235 Solem
856 3182 918 3250 quis
936 3182 1027 3235 dicere
1043 3178 1141 3232 falsum

399 3256 529 3311 Audeat?
565 3256 618 3311 llle
635 3258 718 3312 etiam
735 3258 948 3337 caspiustare
966 3255 1100 3309 tumultus

397 3332 488 3401 Saepe
500 3335 601 3400 monet,
612 3331 793 3402 fraudemque
805 3336 835 3388 et
846 3335 945 3403 operta
954 3334 1109 3386 tumescere
1116 3329 1203 3385 bella
1219 3343 1258 3382 ses

389 3406 446 3457 Ille
462 3407 544 3458 etiam
564 3408 703 3463 exstincto
721 3411 874 3467 miseratus
892 3410 1018 3466 (laesere
1033 3407 1171 3476 Romam,

380 3477 448 3560 Cum
467 3483 553 3543 caput
571 3481 690 3539 obscura
709 3487 838 3545 nitidum
858 3488 1015 3559 ferrugine
1030 3484 1122 3553 texibs

364 3546 516 3665 Impqquo
532 3558 686 3617 aeternam
707 3565 882 3627 timuerunt
898 3566 1030 3625 saecula
1043 3565 1182 3624 aecum·
